3342 5140
685 989 800 1078 ola.
834 989 901 1055 rx.

301 1293 355 1354 κοοὶ
380 1288 562 1361 σπεύδοντες
587 1289 625 1361 ὡς
640 1338 647 1354 .
662 1338 669 1354 .
683 1337 712 1354 ..
736 1289 772 1352 τό
791 1285 931 1365 πέλαγος
944 1286 1141 1362 διαπλέοντες
1154 1287 1324 1370 ἐκομίζοντο

256 1436 342 1518 παρὰ
368 1442 424 1520 τὴν
447 1435 598 1503 Ἰταλίαν.
623 1437 813 1502 Sintenisius
833 1437 868 1502 in
889 1438 1064 1502 recentiore
1087 1437 1224 1502 editione
1242 1437 1325 1502 hanc

253 1589 401 1653 lacunam
434 1586 604 1672 indicavit,
638 1607 734 1673 quam
770 1587 889 1674 recepit
914 1586 1094 1653 Bekkerus.
1117 1587 1269 1654 Reiskius
1293 1593 1325 1654 ct

258 1735 453 1822 antiquiores
475 1736 597 1800 nullam
620 1740 778 1800 noverunt
801 1735 967 1820 lacunam3
991 1736 1180 1803 Schaeferus
1194 1737 1328 1804 Ooraem

255 1891 382 1950 secutus
405 1884 443 1955 ὥς
467 1884 602 1970 delevit,
621 1882 741 1972 ‘parum
764 1885 943 1970 commode,
966 1891 1003 1950 ut
1026 1885 1161 1952 videtur.
1186 1885 1220 1951 Si
1242 1891 1328 1952 recto

256 2054 290 2098 se
317 2033 415 2099 habet
448 2033 613 2100 Sintenisii
635 2034 766 2118 lacuna,
790 2033 874 2121 quod
897 2033 1041 2100 codicum
1062 2033 1329 2121 inspiciendorum

257 2181 442 2248 facultatem
483 2181 677 2248 habentibus
710 2166 972 2270 relinquendum,
1010 2190 1047 2248 ut
1079 2184 1240 2250 levissima
1272 2183 1329 2248 fiat

256 2331 476 2420 interpolatio,
511 2332 694 2398 dubitanter
728 2333 881 2398 coniicere
915 2333 1034 2398 ausim:
1066 2335 1119 2396 καὶ
1145 2330 1328 2406 σπεύδοντες

256 2481 294 2556 ὥς
316 2479 380 2545 sia
401 2481 436 2546 τὸ
461 2479 601 2558 alasya
624 2481 823 2558 δοοιπλέοοτες
845 2506 874 2548 κ.
896 2505 925 2546 ο.
950 2495 980 2550 λ.

301 2778 472 2861 ἐκομίζοντο
497 2751 583 2860 aspir
607 2780 661 2856 τὴν
686 2781 839 2852 'Italian
863 2782 898 2848 Si
919 2783 998 2848 fides
1011 2783 1150 2848 Diodoro
1163 2783 1215 2868 (L.
1228 2781 1330 2866 XVI,

261 2927 339 3016 Oap.
377 2932 428 3014 66,
453 2933 487 3015 5)
512 2930 671 2996 Corinthii
694 2931 809 2998 Italiae
831 2933 907 2998 litus
930 2933 1072 3018 legentes
1096 2931 1331 3018 Metapontium

258 3099 357 3143 naves
390 3080 600 3166 appulerunt,
636 3101 698 3166 quo
733 3079 798 3145 iam
831 3085 901 3145 tum
936 3079 1061 3145 Punica
1096 3080 1235 3145 triremis
1259 3083 1331 3144 cum

260 3227 419 3312 legatione
451 3227 764 3314 Carthaginiensium
788 3228 980 3294 Timoleonti
1002 3229 1129 3294 obviam
1151 3229 1248 3292 missa
1273 3232 1331 3292 est.

261 3373 377 3460 Legati
410 3396 483 3440 eum
517 3377 668 3442 obtestati
702 3384 777 3442 sunt
810 3385 854 3460 μὴ
888 3375 1060 3458 κατάρχειν
1094 3375 1231 3454 πολέμου
1259 3374 1332 3454 μηδ’

262 3523 435 3602 irridebas
470 3531 525 3600 τῆς
561 3525 718 3601 Elusates.
746 3525 818 3592 Sed.
845 3526 1027 3610 Timoleon,
1051 3525 1208 3611 Rheginis
1230 3543 1333 3589 arces·

264 3629 407 3744 sentibus
431 3696 504 3740 eum
527 3681 558 3740 et
582 3675 765 3742 societatem
788 3675 1027 3762 pollicentibus,
1052 3675 1161 3740 statim
1184 3673 1278 3740 solvit
1291 3693 1332 3738 ex

264 3829 359 3910 portu
389 3829 423 3888 ct
447 3825 549 3910 primo
575 3845 700 3912 quoque
724 3831 867 3912 tempore
888 3823 1050 3910 Rhegium
1074 3830 1184 3910 petere
1206 3828 1335 3890 conten·

266 3971 331 4056 dit,
366 3992 527 4037 rumorem
560 3973 716 4039 adventus
751 3975 800 4040 sui
834 3995 988 4061 occuparo
1024 3973 1172 4057 studens;
1197 3947 1336 4058 namque

266 4121 436 4187 verebatur
471 4121 658 4206 admodum,
694 4108 735 4188 ne
758 4123 859 4188 Poeni
881 4123 1049 4188 navalibus
1072 4122 1169 4208 copiis
1192 4121 1334 4186 valentes

265 4290 299 4334 se
321 4271 460 4336 transitu
483 4271 516 4335 in
541 4270 681 4358 Siciliam
706 4271 923 4358 prohiberent.
