3342 5140
698 1048 812 1118 OAP.
843 1049 912 1118 XI.

315 1349 471 1423 χαλεπῶς
503 1344 647 1428 Φέροντες
680 1347 711 1412 ἐν
745 1355 791 1442 τῷ
827 1351 1148 1431 κατεστρατηγῆσθαι
1182 1373 1211 1416 κ.
1243 1373 1273 1414 τ.
1308 1364 1343 1416 λ.

273 1493 426 1560 Reiskius
454 1503 486 1562 et
509 1497 568 1563 hoc
590 1499 658 1564 loco
680 1502 712 1565 ot
736 1499 770 1563 iu
793 1499 899 1586 priore
921 1500 1026 1587 capite
1050 1497 1288 1586 (ἐπιθυμοῦντες
1312 1499 1352 1567 ἐν,

271 1643 436 1725 Κορινθίοις
473 1644 530 1732 τοὶ,
549 1643 730 1726 πράγματα
762 1651 825 1712 τῶν
859 1651 1054 1712 Σικελιωτῶν
1086 1645 1253 1734 γενέσθαι)
1285 1667 1344 1736 pro

273 1793 303 1856 ἐν
327 1794 455 1880 scripsit
478 1793 540 1860 ἔτι.
563 1794 770 1880 Rectissime,
793 1801 830 1861 ut
853 1795 945 1861 nobis
968 1796 1106 1862 videtur.
1140 1796 1343 1884 Namprioro

272 1941 340 2008 loco
368 1944 559 2030 praepositio
582 1944 740 2030 significat
761 1945 798 2009 οἰι
821 1945 986 2029 mortibus,
1009 1946 1046 2010 ιἰι
1062 1953 1217 2030 potestate
1230 1945 1341 2012 corin-

272 2090 430 2176 thiorum,
468 2106 531 2178 quo
565 2067 796 2178 significatione
824 2114 935 2180 praep.
971 2091 1024 2156 r’m'
1060 2091 1168 2159 dativo
1196 2094 1343 2161 coniunc-

272 2246 339 2306 tam
373 2241 492 2328 passim
521 2241 670 2326 usurpari
692 2240 846 2306 videmus.
870 2239 925 2305 Ad
947 2240 1121 2306 secundum
1142 2241 1247 2309 locum
1271 2241 1342 2308 Sin·

271 2388 404 2454 tonisius
437 2393 586 2454 annotat:
613 2385 660 2472 „s’r
684 2387 726 2468 τῷ
750 2386 1073 2470 κατεστρατηγῆσθαι
1096 2388 1342 2476 iunge-odaeum

271 2534 430 2617 διατριβὴν
463 2543 614 2617 παρεῖχον
626 2537 656 2620 ,”
690 2535 774 2624 quod
808 2537 865 2603 vix
900 2537 979 2603 mihi
1014 2537 1197 2624 persuaderi
1226 2543 1341 2626 potest.

274 2673 394 2751 Contra
423 2687 468 2750 sic
490 2685 633 2752 videtur:
656 2686 693 2749 τὸ
715 2688 1038 2766 κατεστρατηγῆσθαι
1060 2687 1216 2752 rationem
1238 2686 1343 2752 reddit

271 2836 325 2898 τοῦ
349 2835 504 2913 χαλεπῶς
526 2831 647 2918 φέρειν,
666 2833 699 2898 id
711 2839 836 2918 autem,
849 2833 933 2922 quod
944 2833 1101 2920 Rheginia
1112 2835 1212 2899 risum
1224 2834 1341 2918 movit,

272 2987 341 3066 est,
364 2982 449 3068 quod
470 3003 540 3067 cos,
565 3003 700 3069 quorum
723 2981 801 3048 fidos
824 2982 961 3070 pessima
979 2980 1104 3047 audiret
1116 2981 1202 3069 apud
1214 2969 1341 3068 omncs,

271 3149 307 3198 sc
327 3131 453 3197 fallacia
475 3131 729 3198 adversariorum
750 3131 982 3198 circumventos
1004 3149 1073 3195 esse
1096 3129 1238 3215 graviter
1259 3130 1342 3195 ferre

274 3280 429 3348 riderent.

316 3577 476 3660 διατριβὴν
509 3584 573 3653 τοῖς
606 3577 755 3655 Ῥηγίνοις
781 3585 942 3660 παρεῖχον.
966 3579 1016 3646 Of.
1040 3579 1141 3645 vitam
1165 3577 1343 3644 Alcibiadis

275 3725 353 3816 Oop.
377 3726 483 3794 XIII:
507 3728 714 3814 Hyperbolus
735 3734 800 3803 τοῖς
823 3733 967 3806 κωμικοῖς
989 3725 1063 3805 ὁμοῦ
1086 3749 1115 3790 τι
1140 3727 1218 3791 τοῖσι
1232 3724 1345 3807 διατρι-

267 3873 334 3960 ’βῆν
357 3876 407 3940 cisi
430 3875 646 3955 σκωπτόμενος
670 3877 701 3939 ἐν
722 3880 786 3950 τοῖς
808 3877 948 3956 θεάτροις
961 3866 1122 3955 παρεῖχεν.
1136 3874 1189 3939 Ad
1201 3880 1345 3942 nostrum

274 4029 379 4094 locum
414 4027 619 4094 Schacterus:
658 4025 795 4110 „Coraca
824 4031 911 4092 recto
933 4025 1162 4112 intorpretatur
1184 4023 1345 4101 estavar

238 4215 240 4218 ·
275 4177 400 4244 Nititur
433 4177 512 4250 hacc
545 4177 766 4264 interpretatio
799 4176 868 4242 looo
891 4175 925 4240 iu
947 4175 1016 4241 vita
1039 4173 1151 4238 Niciae
1175 4170 1253 4259 Oap.
1275 4170 1344 4238 XI:

275 4327 377 4413 ῆδονῆν
399 4335 487 4394 τοῦτο
511 4323 562 4392 καὶ
586 4325 715 4408 γε’λιοτοι
736 4325 778 4407 τῷ
803 4323 888 4410 δῆμον
911 4321 1087 4409 παρέσχεν,
1111 4321 1344 4411 quibusvorbiu
