3342 5140
817 659 857 739 e

300 889 462 969 expuncta
493 882 697 969 participium
731 881 840 946 aoristi
874 881 1047 946 rescribere
1082 883 1196 965 velim,
1221 881 1340 947 Schaci
1356 917 1369 931 ·

299 1053 371 1096 rum
393 1038 537 1114 secutus,
560 1031 615 1116 qui
637 1031 670 1094 in
693 1036 817 1096 annot:
835 1028 1046 1116 ,psoyo'oronj
1069 1031 1179 1095 malim
1192 1027 1367 1111 Φυρόντων.

301 1179 417 1244 Statim
439 1180 583 1265 sequitur
607 1177 830 1243 ἕκαεσόντυν.”

342 1476 381 1550 ὥς
424 1474 508 1551 ἔτους
541 1473 600 1559 ὅρα
633 1475 872 1554 διαβησομένους
906 1475 948 1549 εἰς
983 1473 1140 1540 Σικελίαν.
1180 1475 1230 1541 Of.
1265 1475 1368 1540 Thuo.

298 1625 337 1690 Ιι.
363 1625 430 1709 VI,
455 1625 533 1712 Oap.
560 1628 618 1710 70,
642 1626 698 1691 ubi
720 1616 869 1690 dicuntur
893 1623 1035 1690 tonitrua
1046 1631 1078 1690 et
1090 1624 1208 1691 imbres
1220 1624 1369 1690 incidisse

297 1773 331 1838 in
364 1774 481 1857 aciem,
517 1774 564 1838 ita
596 1780 633 1839 ut
666 1775 722 1856 iis,
757 1774 868 1860 quiin
891 1795 925 1839 rs
947 1774 1077 1838 militari
1101 1773 1189 1838 haud
1211 1785 1368 1860 magnum

297 1943 390 1986 usum
413 1921 592 2006 habebant,
615 1923 763 1988 timorem
784 1925 952 2006 auxerint,
974 1928 1038 1997 τοῖς
1060 1921 1309 2002 δ’ἕμσειροτὲροις
1323 1921 1366 1987 σοὶ

203 2091 209 2100 ’
297 2068 353 2145 μὲν
374 2068 547 2147 γιγνόμεναι
570 2073 623 2134 καὶ
648 2066 719 2152 ὥρᾳ
744 2067 857 2146 ἔτους
880 2064 1080 2151 περαίνεσθαι
1103 2069 1200 2135 δοκεῖν
1226 2093 1255 2134 κ.
1281 2093 1311 2136 r.
1336 2083 1367 2136 λ.
1461 2131 1463 2136 .

297 2217 383 2282 Plut.
418 2220 451 2283 in
486 2219 590 2285 Dione
625 2219 703 2306 Cep.
738 2219 839 2285 XVI:
873 2217 1027 2304 ἐντούτῳ
1061 2218 1092 2283 δὲ
1126 2217 1263 2298 πολέμου
1287 2219 1366 2292 τινὸς

298 2365 482 2444 ἐμπεσόντος
504 2365 686 2444 ἀποπέμπει
709 2369 762 2430 τὸν
783 2365 961 2452 Πλοὶτοινα,
985 2365 1170 2446 συνθέμενος
1189 2367 1246 2442 εἷς
1265 2363 1365 2448 cipeto

297 2511 408 2588 ἔτους
429 2515 711 2598 μεταπέμψασθαι
735 2518 871 2604 (corrige
895 2557 936 2566 -
959 2520 1096 2604 ψεσθαι)
1126 2516 1239 2583 Δίωνα.

675 2815 788 2882 OAP.
819 2816 980 2882 XXIII.

341 3111 395 3176 Ad
428 3134 466 3177 ea
499 3135 581 3199 quae
609 3113 674 3179 boc
707 3115 810 3200 capite
833 3119 1005 3179 narrantur
1028 3113 1067 3178 ci.
1091 3112 1249 3200 Nepotem
1272 3113 1365 3178 initio

296 3258 372 3346 Oap.
407 3259 479 3325 III:
518 3283 609 3344 ,cum
643 3267 771 3348 propter
807 3262 1050 3330 diuturnitatem
1074 3263 1149 3328 belli
1174 3283 1237 3328 non
1261 3265 1363 3328 solum

284 3409 454 3494 regiones,
490 3408 545 3474 sed
577 3411 674 3474 etiam
707 3410 801 3476 urbes
835 3411 976 3477 desertas
1009 3411 1148 3495 videret,
1172 3411 1363 3498 conquisivit

294 3577 371 3643 quos
403 3559 524 3644 potuit,
557 3560 696 3646 primum
731 3559 870 3643 Siculos,
904 3558 977 3624 dein
1009 3558 1163 3624 Corintho
1195 3559 1361 3624 arcessivit

293 3707 433 3790 colonos,
457 3706 541 3791 quod
562 3706 603 3772 ab
626 3707 670 3772 cis
692 3707 784 3772 initio
807 3707 984 3793 Syracusae
1008 3713 1099 3774 erant
1124 3707 1303 3774 conditae.’'

333 4003 359 4066 oi
393 4000 423 4065 a
457 4000 657 4078 συνελθόντες
690 4003 734 4077 εἰς
758 4002 900 4083 Κόρινθον
924 4042 965 4053 -
989 4003 1144 4083 γενόμενοι
1169 4003 1281 4085 μυρίαν
1303 4004 1357 4072 οὐκ

289 4147 434 4226 interea·
467 4150 686 4217 κατέπλευσαν
718 4153 761 4228 εἰς
798 4151 1010 4234 Συρακούσας.
1046 4154 1225 4220 Dimidium
1246 4175 1358 4221 nume·

290 4323 361 4366 rum
394 4302 529 4386 legimus
561 4325 612 4389 ap.
647 4303 776 4368 Diodor.
804 4304 882 4390 Cap.
906 4308 965 4386 82,
990 4308 1026 4369 3:
1051 4302 1222 4381 ὑπεδέξατο
1245 4301 1276 4366 δὲ
1301 4306 1355 4366 και
