3342 5140
819 613 859 674 54

301 839 388 906 Plut.
411 836 544 904 Aristid.
570 835 648 922 (lap.
674 835 780 901 XIX:

408 984 519 1052 τόνδε
541 988 615 1050 ποθ’
637 986 790 1060 Ἕλλανες
812 985 898 1060 νίκας
920 983 1044 1072 κράτει,
1069 985 1150 1070 ἔργῳ
1168 988 1302 1065 Ἄρηος,

409 1132 529 1214 Πέρσας
553 1130 760 1210 ἐξελάσαντες
785 1131 934 1215 ἐλευθέρα
956 1132 1087 1198 Ἑλλάδι
1114 1134 1208 1199 καινὸν

452 1280 610 1363 ἱδρύσαντο
635 1283 708 1356 Διὸς
730 1282 838 1361 βωμὸν
863 1283 1045 1364 ἐλευθερίαν.

303 1433 352 1499 cf.
376 1433 477 1498 Thuc.
501 1432 573 1517 VI,
599 1435 639 1498 54
662 1438 694 1498 et
717 1433 846 1519 passim.

347 1579 470 1656 Quibus
500 1582 655 1668 exemplis
678 1581 833 1647 adductus
856 1583 908 1648 hic
931 1604 1057 1670 quoque
1079 1581 1249 1668 legendum
1273 1584 1370 1666 puto:

301 1729 489 1809 χαριστήρια
513 1727 596 1803 θεαῖς
621 1727 779 1802 ἀνέθηκαν
802 1727 916 1795 τάδε,

718 1985 831 2050 OAP.
857 1984 982 2049 XXX.

346 2239 417 2317 τοὺς
428 2242 550 2322 χιλίους
562 2224 770 2323 μναθαφέρανς
782 2239 911 2314 ἐκείνους
923 2263 952 2308 κ.
965 2263 994 2304 τ.
1007 2253 1037 2305 λ.
1052 2241 1100 2305 Of.
1115 2239 1208 2304 Diod.
1222 2238 1300 2325 Cap.
1315 2241 1375 2322 82,

304 2393 359 2481 qui
382 2392 462 2458 haec
483 2391 580 2456 refert
604 2389 646 2455 ad
665 2389 716 2454 Ol.
738 2388 816 2474 ΟΧ,
841 2393 878 2473 2,
902 2411 931 2454 a.
957 2388 992 2454 O.
1007 2391 1080 2453 339.
1095 2388 1153 2452 Ait
1164 2387 1374 2453 mercenarios

303 2541 338 2606 in
366 2541 568 2606 Bruttiorum
597 2539 726 2624 regione
762 2537 914 2624 oppidum
949 2539 1146 2602 maritimum
1182 2539 1214 2602 vi
1245 2543 1374 2622 captum

305 2682 481 2776 diripuisse.
518 2686 590 2762 Quo
624 2687 707 2752 facto
741 2685 863 2751 Bruttii
895 2707 1028 2751 numero
1060 2686 1204 2751 valentes
1225 2684 1375 2773 oppidum

306 2840 573 2921 expugnaverunt
614 2841 711 2922 atque
752 2855 862 2900 omnes
897 2835 1009 2900 iaculis
1044 2833 1238 2900 occiderunt.
1275 2832 1376 2898 Addit

306 2981 412 3066 Diod,
436 3003 518 3068 quae
541 3003 676 3048 resnou
700 2988 966 3048 commemoratur
986 2989 1142 3066 anostro,
1155 2981 1376 3064 Postumium,

307 3129 514 3217 praedonem·
536 3129 726 3215 Etruscum,
761 3152 834 3196 cum
868 3129 939 3194 XII
968 3152 1178 3217 myoparones
1202 3153 1274 3196 suos
1298 3130 1378 3195 nihil

306 3283 467 3350 metuens,
483 3277 657 3364 Syracusas
680 3279 874 3364 appulisset,
900 3276 1107 3344 Timoleontis
1128 3279 1216 3343 iussu
1239 3278 1374 3365 prehen-

307 3449 378 3493 sum
403 3433 435 3492 et
461 3433 563 3492 morte
583 3429 756 3492 multatum
780 3447 859 3491 esse.

351 3657 483 3725 ἕτλεντε
508 3659 629 3726 Γέσκων
652 3685 680 3727 α.
705 3685 735 3728 τ.
759 3675 789 3728 λ.
814 3663 1016 3729 Illustrcmns
1040 3663 1119 3729 haec
1142 3686 1160 3730 e
1182 3663 1276 3730 Diod.
1298 3663 1378 3750 Oap.

308 3811 366 3893 81,
399 3811 417 3894 5
440 3813 459 3874 2
484 3832 525 3876 ss.
552 3810 886 3898 ,Carthaginiensium
909 3812 1095 3899 superstites
1104 3813 1135 3895 ,’'
1160 3813 1222 3895 ait,
1251 3818 1377 3894 ,tantus

309 3963 412 4022 terror
448 3979 485 4024 ao
520 3920 690 4046 trepidatio
714 3959 844 4026 tenebat
866 3966 920 4044 ut,
945 3981 1018 4026 oum
1039 3961 1097 4026 vix
1119 3966 1151 4026 et
1173 3983 1269 4048 aegre
1292 3962 1379 4048 Lily-

309 4102 425 4172 baeum
458 4106 689 4194 perfugissent,
715 4130 757 4175 ne
778 4130 876 4175 naves
898 4108 1027 4196 quidem
1052 4109 1261 4176 conscendere
1283 4115 1379 4196 atque

307 4251 342 4316 in
364 4255 502 4340 patriam
525 4255 627 4322 redire
648 4257 818 4343 auderent,
843 4264 1038 4342 metuentes,
1062 4280 1103 4323 ne
1127 4258 1167 4322 ob
1191 4259 1272 4323 iram
1294 4257 1371 4322 divi-
