3342 5140
784 677 824 736 59

271 917 426 983 aequare,
461 899 607 982 diruere,
645 899 839 966 contrarium
874 905 921 964 est
954 895 1121 978 ἀνοικίζειν.
1164 896 1212 960 Ol.
1249 894 1343 960 Diod.

273 1045 351 1132 Ocp.
376 1049 428 1128 65,
454 1050 494 1110 9:
520 1047 709 1132 (Τιμολέων)
733 1047 792 1120 τὰς
815 1045 1079 1124 κιιτεοκνμμένας
1104 1045 1161 1109 ὑπὸ
1184 1047 1245 1107 τῶν
1265 1043 1343 1122 βοιρ-

270 1190 372 1271 βάρινν
395 1193 579 1269 ‘Erucium
603 1194 708 1270 πόλεις
732 1195 1072 1278 ἀποκατέστησε,
1096 1195 1181 1281 quod
1198 1199 1246 1259 cst
1258 1193 1341 1257 idem

272 1348 369 1426 etque
390 1339 528 1422 οὲνῴκιοε.
553 1343 651 1410 Haud
673 1345 714 1410 ab
739 1367 774 1410 re
796 1347 838 1412 sit
861 1345 1021 1432 Nepotem
1044 1365 1170 1430 quoque
1196 1344 1340 1408 conferre

272 1492 305 1556 in
340 1491 419 1557 Vita
453 1492 533 1580 (lup.
559 1496 599 1576 3,
623 1494 641 1577 ξ
665 1497 706 1558 2:
735 1494 881 1576 „urbium
901 1495 1025 1558 moenio
1050 1492 1182 1557 disiecta
1205 1492 1343 1576 luneque

273 1640 398 1712 deserto
432 1643 576 1725 refecit.”
607 1641 699 1707 Idem
734 1643 868 1708 verbum
902 1643 1028 1728 legitur,
1050 1643 1084 1706 in
1113 1642 1181 1706 vitu
1215 1639 1343 1704 Luculli

273 1789 351 1876 Gap.
375 1789 496 1858 XXIX
518 1790 604 1854 ciros
626 1789 709 1855 med.
733 1787 853 1877 (sermo
873 1797 921 1854 est
945 1790 985 1856 de
1008 1790 1087 1855 urbe
1105 1789 1343 1875 Tigranocertis

272 1961 292 2002 a
327 1938 461 2002 Lucullo
496 1941 621 2025 ceptc):
656 1935 733 2004 ὥστε
764 1939 878 2016 συνέβη
902 1941 978 2017 μιέος
1002 1937 1119 2012 πόλεως
1143 1935 1343 2012 Brutorum

276 2088 398 2164 νιοιιιιοὶς
438 2089 728 2171 ἀνοικίζεσθαι
766 2087 862 2154 νιοὶλιν
896 2087 1098 2170 κομιζομέναις
1132 2087 1203 2162 τοὺς
1238 2087 1342 2150 αὐτῶν

269 2239 435 2318 orirerur.
459 2278 501 2288 -
525 2241 563 2308 el.
587 2241 671 2305 infre
693 2261 775 2326 quae
797 2239 1021 2306 annotabimus
1032 2238 1073 2303 ed
1086 2238 1163 2324 Gap.
1177 2236 1343 2301 XXXIX.

318 2517 420 2597 ὥσπερ
456 2517 590 2598 οἴκιστὴς
624 2519 783 2594 ἢνανιιῖτο.
816 2518 928 2603 Pergit
964 2517 1072 2603 Nepos
1101 2517 1170 2580 loco
1203 2515 1348 2601 proximo

275 2667 421 2744 laudato:
462 2667 675 2750 „Civitatibus
706 2669 793 2753 leges
826 2667 1071 2752 libertatemque
1105 2663 1252 2729 reddidit.
1290 2662 1343 2726 Ex

277 2817 417 2880 maximo
450 2817 534 2881 bello
564 2823 692 2882 tentum
726 2819 827 2882 otium
861 2821 930 2880 totu
963 2815 1069 2878 insule
1091 2812 1290 2894 conciliavit,
1311 2817 1348 2875 ut

226 2921 228 2926 V
278 2965 330 3030 hic
352 2965 495 3032 conditor
517 2967 646 3032 urbium
668 2987 796 3050 esrum,
820 2985 883 3029 non
895 2963 943 3028 illi
954 2962 1010 3048 qui
1021 2961 1113 3025 initio
1125 2958 1346 3041 deduxerant,

279 3115 473 3181 videretur.'’

646 3349 759 3416 OAP.
790 3349 974 3415 XXXVI.

320 3589 381 3650 τῶν
412 3587 442 3651 δὲ
473 3585 676 3665 Τιμολέοντος
697 3583 790 3666 ἔργων
815 3625 856 3634 -
879 3585 961 3651 οὐδέν
986 3587 1086 3664 ἐστιν,
1111 3577 1132 3664 ᾧ
1156 3589 1201 3664 μὴ
1225 3582 1267 3647 τοι
1293 3588 1346 3648 τοῦ

280 3733 489 3816 Σοφοκλέους,
520 3731 558 3809 ὥς
580 3739 657 3816 φησι
680 3735 832 3812 Τίμιιιος,
857 3737 1021 3816 ἐπιφωνεῖν
1045 3732 1173 3813 ἔπρεπεν
1200 3757 1228 3798 κ,
1254 3757 1284 3796 τ.
1313 3747 1344 3801 λ.

279 3881 377 3949 Haud
406 3891 484 3971 puto
507 3885 665 3971 huiusque
684 3907 799 3950 nomeu
821 3885 967 3967 subulco,
991 3884 1076 3948 unde
1099 3885 1159 3950 hoc
1182 3884 1346 3969 fragmen·

279 4037 347 4097 tum
381 4035 517 4120 petitum
550 4040 615 4117 est,
646 4040 808 4120 repertum
831 4055 910 4098 esse.
935 4033 1022 4100 Hinc
1047 4054 1173 4120 quoque
1196 4037 1349 4118 apparot,

280 4188 436 4269 quantum
460 4183 610 4248 Timaeus
622 4184 655 4248 in
668 4183 865 4248 Timoleonte
876 4205 896 4247 c
907 4182 1135 4248 consuetudine
1147 4204 1205 4246 suc
1217 4181 1348 4246 meledi-

280 4333 369 4398 cendi
393 4335 574 4415 recesserit,
598 4335 652 4420 qui
678 4339 743 4400 tom
766 4333 892 4397 eximiis
915 4330 1063 4396 leudibus
1086 4331 1239 4396 extulerit
1265 4329 1343 4396 Siei-
