3342 5140
795 664 833 726 51

321 885 417 962 αὐτὸ.Ι
442 885 473 951 δέ
497 887 647 966 καταβὰς
670 892 714 963 εἷς
738 889 773 954 τὸ
799 887 900 953 πεδέον
926 887 991 953 κτέ.
1019 888 1068 954 Of.
1092 887 1352 981 Diodfoapuu,
1380 885 1382 890 ’

279 1041 297 1122 5
323 1042 361 1104 5:
386 1039 399 1104 ὁ
423 1038 480 1117 μέν
503 1041 564 1121 γὰρ
587 1039 747 1118 Τιμολέων
770 1037 907 1118 tutatae
931 1043 987 1121 τὴν
1013 1039 1141 1117 δύναμιν
1164 1038 1352 1117 κατέβαινεν

280 1185 345 1252 οέπέ
374 1210 462 1252 τινων
486 1191 593 1271 λόφων
616 1191 667 1253 ἐπὶ
691 1189 742 1255 τὸν
765 1182 927 1266 ποταμόν,
954 1178 1009 1252 nal
1031 1186 1145 1268 μορίων
1169 1185 1221 1260 ἤδη
1247 1185 1355 1265 διαβε·
1396 1258 1397 1261 ¹

280 1335 422 1413 βνκὸταν
449 1337 482 1414 ἐξ
505 1337 614 1420 έφέδον
637 1340 754 1410 τοιέοοις
778 1336 941 1419 έπέρροιξε,
968 1333 1162 1414 τεταγμένος
1185 1334 1277 1410 αὐτὸς
1299 1337 1352 1400 ἐπὶ

280 1484 377 1562 μέσοις
400 1494 455 1567 τῆς
478 1484 663 1569 φοέλαγγοο.

648 1782 762 1848 ΟΑΡ.
800 1782 1003 1848 XXVIII.

334 2080 482 2164 ,ἐξαίφνας
506 2083 571 2145 οέπὸ
595 2086 653 2145 τῶν
677 2083 748 2161 ὀρῶν
772 2080 902 2160 βρονταί
921 2103 955 2144 τε
967 2080 1103 2163 φοβεραὶ
1116 2081 1358 2163 κατερρήγνυντο

286 2255 316 2297 ιι.
350 2254 380 2296 τ.
416 2243 446 2295 λ.
485 2230 615 2296 Diodor.
639 2230 717 2317 Cap.
743 2233 802 2314 79,
827 2233 845 2315 ξ
870 2231 996 2296 bhuno
1019 2232 1053 2295 in
1075 2230 1204 2296 modum
1227 2237 1357 2296 narrat:

290 2380 438 2463 „Acriter
458 2386 638 2467 pugnatum
661 2385 727 2464 est,
751 2385 783 2444 et
805 2400 880 2444 oum
905 2379 1022 2446 Graooi
1044 2386 1076 2445 et
1100 2380 1220 2445 virtuto
1243 2386 1275 2444 et
1298 2398 1359 2444 usu

287 2529 363 2594 bolli
401 2525 579 2615 superiores
614 2534 740 2612 essent,
774 2549 891 2614 magna
925 2528 1036 2594 caedes
1069 2527 1278 2592 barbarorum
1311 2534 1360 2592 est

288 2677 382 2744 lauta.
413 2676 483 2743 Iam
507 2676 704 2763 fugientibus
725 2677 781 2761 iis,
806 2678 861 2763 qui
885 2677 988 2764 primo
1009 2677 1128 2743 flumen
1150 2676 1362 2762 transierant,

290 2832 359 2893 tota
391 2825 572 2893 Poenorum
606 2826 689 2892 acies
725 2826 856 2891 flumine
890 2827 1024 2892 traiecto
1054 2825 1274 2891 laborantibus
1296 2825 1363 2890 suis
1393 2875 1395 2879 .

291 2977 412 3042 auxilio
446 2974 566 3042 venit.”
596 2975 680 3040 Tum
705 2974 783 3062 Cap.
807 2977 869 3041 80:
897 2973 1043 3058 „Proelio
1067 2974 1306 3060 redintegrato,
1331 2978 1364 3038 et

295 3125 442 3192 hostibus
486 3145 618 3190 numero
662 3123 801 3190 Graecos
845 3123 1185 3207 circumuenientibus,
1230 3129 1364 3209 repente

296 3273 416 3340 imbros
440 3295 512 3340 oum
535 3273 690 3360 grandine
711 3279 744 3338 et
765 3273 948 3338 tonitrubus
971 3273 1222 3360 fulminibusque
1245 3271 1365 3338 oecide-

296 3429 371 3488 runt
380 3425 410 3508 ,‘'
433 3429 466 3489 et
489 3424 613 3510 reliqua
633 3429 670 3488 ut
694 3444 745 3508 ap.
769 3423 856 3488 Plut.

354 3719 488 3796 πολλοὺς
513 3720 544 3784 δέ
569 3721 583 3785 ὁ
605 3721 748 3800 ποταμὸς
769 3727 833 3796 τοῖς
845 3719 890 3785 ἔτι
903 3719 1126 3801 περαιουμένοις
1136 3719 1375 3799 συμπέττοντας

313 3870 483 3949 ἐμβάλλων
506 3875 559 3934 καὶ
583 3870 769 3953 παραφέρων
791 3869 962 3944 έπιέλλνε,
987 3871 1042 3936 ubi
1064 3873 1132 3937 sino
1153 3893 1242 3936 moro
1262 3871 1373 3936 reseri-

306 4017 446 4086 bendum
468 4019 599 4084 α’πώλλο
612 4071 620 4104 ,
632 4009 737 4086 ¹solita
751 4021 943 4086 oorrootione
960 4019 1114 4086 adhibita.
1126 4019 1175 4086 Of.
1186 4019 1280 4088 Diod.
1295 4019 1374 4106 Cap.

305 4169 366 4254 80,
403 4169 421 4253 ἕ
456 4172 498 4235 2:
530 4168 685 4234 Nonnulli
707 4167 770 4234 ὑπὸ
795 4172 856 4232 τῶν
878 4166 964 4248 παρὰ
988 4174 1051 4242 τοῖς
1074 4166 1231 4246 πολεμίοις
1258 4165 1376 4232 ἱππέων

307 4316 349 4393 εἷς
388 4317 422 4386 τὸ
459 4325 511 4385 τοῦ
545 4324 687 4398 ποταμοῦ
722 4319 838 4400 ρἐῖθρον
871 4315 1023 4396 ἀγεληδὸν
1052 4316 1302 4396 συνελαυνόμενοι
1325 4313 1376 4383 καὶ
