3342 5140
861 693 902 754 36

343 914 456 1000 lacque
478 914 635 1002 praesidio
658 923 759 980 erant.
783 915 935 1002 Legimus
959 915 1037 1003 Oap.
1057 915 1159 1001 XVI,
1172 917 1229 982 hos
1243 915 1284 982 ab
1297 917 1414 982 Hiceta

342 1062 480 1128 obsideri
514 1070 756 1153 commeatuque
789 1064 960 1130 intercludi
989 1067 1087 1150 (σῖτον
1120 1063 1249 1166 ἐκώλυεν
1273 1065 1412 1130 εἰσπλεῖν

341 1217 404 1284 τοῖς
428 1213 614 1299 Κορινθίοις).
637 1214 735 1280 Initio
758 1214 853 1280 huius
876 1215 989 1301 capitis
1013 1221 1162 1280 narratur
1185 1214 1349 1280 Timoleon
1371 1236 1414 1280 ex

343 1361 458 1448 oppido
482 1362 606 1427 (totana
627 1363 741 1428 lembis
765 1363 952 1449 cymbisque
976 1363 1172 1428 frumentum
1195 1362 1413 1428 laborantibus

343 1511 408 1574 suis
442 1513 651 1577 summittere.
689 1511 768 1577 Post
791 1511 869 1577 duos
892 1534 1003 1578 versus
1024 1519 1200 1599 sequuntur
1224 1513 1319 1578 haec:
1343 1511 1413 1586 Quo

342 1658 426 1724 lacto
461 1659 557 1746 Mago
590 1667 622 1726 et
657 1661 790 1728 Hicetas
824 1664 990 1728 consilium
1024 1667 1176 1748 oeperunt
1198 1662 1287 1746 (nam
1309 1662 1413 1748 placet

341 1808 434 1873 lectio
456 1808 652 1886 ἐβουλεύοντο
677 1833 734 1898 pro
758 1809 935 1891 ἐβούλοντο,
959 1817 996 1876 nt
1019 1811 1196 1897 significavi
1214 1811 1255 1876 ad
1268 1810 1344 1896 (lap.
1360 1808 1411 1894 ΙΙ)

342 1956 484 2023 Catenae
505 1959 756 2046 expugnandae,
780 1958 815 2036 ἐξ
837 1953 871 2033 ἧς
896 1957 983 2023 ἔπλεν
1008 1959 1194 2034 τὲσνσηδενοο
1217 1965 1281 2034 σοῖς
1295 1971 1412 2037 retrop-

247 2195 250 2200 .
339 2103 502 2184 νοονμένονς.
540 2106 658 2172 Odiosa
692 2113 724 2172 et
758 2109 892 2173 molesta
922 2109 1002 2173 mibi
1023 2108 1149 2174 videtur
1172 2109 1319 2196 repetitio
1343 2109 1411 2172 eius

338 2256 402 2340 rei,
425 2277 521 2341 quam
545 2259 763 2345 unusquisqne
784 2260 882 2324 leotor
906 2280 969 2324 non
994 2280 1123 2346 prorsus
1146 2260 1224 2324 alias
1246 2280 1297 2324 res
1312 2279 1409 2343 agens

339 2425 381 2468 ex
402 2405 548 2490 proxime
571 2405 833 2491 praecedentibus
858 2408 968 2471 statim
991 2407 1139 2492 colligere
1162 2407 1271 2493 possit.
1284 2405 1409 2492 <Itaque

338 2574 376 2618 ea
409 2574 466 2618 sex
503 2555 602 2619 verba
635 2577 655 2619 a
687 2557 805 2620 lectore
827 2556 934 2641 aliquo
957 2555 1100 2643 profecta
1122 2563 1154 2621 et
1176 2555 1210 2620 in
1232 2555 1409 2640 marginem

336 2725 405 2768 esse
439 2704 612 2790 releganda
644 2704 803 2770 videntur.
838 2703 930 2779 Quod
964 2705 991 2768 si
1025 2704 1107 2770 lorte
1140 2705 1234 2769 nimis
1257 2703 1408 2770 audacter

337 2858 510 2936 novatum,
536 2873 575 2918 ea
600 2852 697 2918 verba
719 2873 782 2917 non
805 2851 846 2917 ad
869 2873 998 2917 sensum
1021 2852 1198 2917 necessaria
1220 2872 1288 2916 esse
1310 2857 1409 2936 atque

225 3019 229 3026 ·
337 3001 536 3085 ineleganter
560 2998 723 3064 abundare
747 3005 832 3065 certe
854 3005 995 3065 statuere
1018 2999 1101 3064 licet.

749 3296 864 3361 cAP.
892 3295 976 3361 XX.

377 3595 433 3667 την
455 3617 490 3656 τε
512 3593 677 3665 Μεσσήνην
701 3592 796 3664 εὐθὺς
823 3587 893 3673 εἶχε
914 3616 943 3661 κ.
967 3615 997 3656 τ.
1020 3605 1051 3656 λ.
1076 3591 1257 3656 Messanam
1277 3596 1405 3676 captam

333 3742 492 3807 Diodorus
525 3748 596 3828 post
621 3741 937 3828 Carthaginiensium
960 3739 1133 3805 discessum
1155 3760 1193 3804 ac
1214 3744 1285 3825 post
1308 3737 1405 3824 Syra·

333 3914 425 3957 cusas
459 3897 594 3978 excepta
616 3890 727 3956 Insula
749 3896 918 3977 occupatas
941 3891 1091 3972 collocat,
1114 3888 1147 3952 in
1170 3887 1230 3952 hac
1253 3909 1289 3952 re
1310 3892 1346 3950 ut
1368 3887 1403 3952 in

332 4043 403 4108 aliis
425 4047 605 4126 temporum
628 4039 770 4104 ordinem
793 4059 907 4124 parum
930 4037 1098 4122 diligenter
1120 4033 1309 4118 observans3
1323 4033 1402 4120 Gap.

332 4195 394 4274 69,
430 4190 467 4252 6:
505 4185 601 4262 εὐθὺς
637 4186 668 4250 δὲ
701 4190 754 4250 καὶ
789 4190 844 4268 τὴν
868 4184 1033 4260 Μεσσήνην
1054 4180 1305 4262 μετασοθεμένην
1328 4179 1403 4261 πρὸς

332 4337 553 4424 Καρχηδονίους
577 4337 778 4418 descrecere.
835 4356 838 4364 ’
