<?xml version="1.0" encoding="UTF-8"?>
<!DOCTYPE html PUBLIC "-//W3C//DTD XHTML 1.0 Transitional//EN"
    "http://www.w3.org/TR/xhtml1/DTD/xhtml1-transitional.dtd">
<html xmlns="http://www.w3.org/1999/xhtml" xml:lang="en" lang="en">
 <head>
  <title>
</title>
<meta http-equiv="Content-Type" content="text/html;charset=utf-8" />
  <meta name='ocr-system' content='tesseract 3.04.00' />
  <meta name='ocr-capabilities' content='ocr_page ocr_carea ocr_par ocr_line ocrx_word'/>
</head>
<body>
  <div class='ocr_page' id='page_1' title='image "./observationesin00hartgoog/observationesin00hartgoog_0062.png"; bbox 0 0 3342 5140; ppageno 0'>
   <div class='ocr_carea' id='block_1_1' title="bbox 808 633 849 696">
    <p class='ocr_par' dir='ltr' id='par_1_1' title="bbox 808 633 849 696">
     <span class='ocr_line' id='line_1_1' title="bbox 808 633 849 696; baseline 0.049 -2"><span class='ocrx_word' id='word_1_1' title='bbox 808 633 849 696; x_wconf 77' lang='lat'>45</span> 
     </span>
    </p>
   </div>
   <div class='ocr_carea' id='block_1_2' title="bbox 281 855 1359 2282">
    <p class='ocr_par' dir='ltr' id='par_1_2' title="bbox 281 855 1359 2282">
     <span class='ocr_line' id='line_1_2' title="bbox 288 855 1359 943; baseline 0.003 -23"><span class='ocrx_word' id='word_1_2' title='bbox 288 857 501 922; x_wconf 85' lang='lat' dir='ltr'>Inveniuntur</span> <span class='ocrx_word' id='word_1_3' title='bbox 536 858 615 922; x_wconf 90' lang='lat' dir='ltr'>haec</span> <span class='ocrx_word' id='word_1_4' title='bbox 637 879 688 943; x_wconf 88' lang='lat' dir='ltr'>ap.</span> <span class='ocrx_word' id='word_1_5' title='bbox 713 855 842 920; x_wconf 88' lang='lat' dir='ltr'>Diodor.</span> <span class='ocrx_word' id='word_1_6' title='bbox 868 855 948 942; x_wconf 85' lang='lat' dir='ltr'>Oap.</span> <span class='ocrx_word' id='word_1_7' title='bbox 975 857 1033 938; x_wconf 78' lang='lat'>73,</span> <span class='ocrx_word' id='word_1_8' title='bbox 1057 857 1075 940; x_wconf 66' lang='grc' dir='ltr'>ξ</span> <span class='ocrx_word' id='word_1_9' title='bbox 1100 859 1137 921; x_wconf 89' lang='lat'>3:</span> <span class='ocrx_word' id='word_1_10' title='bbox 1162 856 1359 937; x_wconf 71' lang='grc' dir='ltr'>Καρχηδόνιοι</span> 
     </span>
     <span class='ocr_line' id='line_1_3' title="bbox 287 954 1358 1088; baseline 0.002 -20"><span class='ocrx_word' id='word_1_11' title='bbox 287 1004 317 1068; x_wconf 76' lang='grc' dir='ltr'>δὲ</span> <span class='ocrx_word' id='word_1_12' title='bbox 353 1004 423 1080; x_wconf 71' lang='grc' dir='ltr'>τοὺς</span> <span class='ocrx_word' id='word_1_13' title='bbox 455 1005 540 1070; x_wconf 72' lang='grc' dir='ltr'><em>κοινοὶ</em></span> <span class='ocrx_word' id='word_1_14' title='bbox 575 1011 630 1088; x_wconf 76' lang='grc' dir='ltr'>τὴν</span> <span class='ocrx_word' id='word_1_15' title='bbox 667 1005 814 1070; x_wconf 74' lang='grc' dir='ltr'>Σικελίαν</span> <span class='ocrx_word' id='word_1_16' title='bbox 850 999 1045 1084; x_wconf 64' lang='lat' dir='ltr'>soporamur</span> <span class='ocrx_word' id='word_1_17' title='bbox 1067 954 1193 1084; x_wconf 60' lang='lat' dir='ltr'>toccien</span> <span class='ocrx_word' id='word_1_18' title='bbox 1219 1006 1358 1084; x_wconf 67' lang='grc' dir='ltr'><em>ἀγεννῶς</em></span> 
     </span>
     <span class='ocr_line' id='line_1_4' title="bbox 287 1151 1356 1235; baseline 0.001 -16"><span class='ocrx_word' id='word_1_19' title='bbox 287 1156 339 1220; x_wconf 82' lang='grc' dir='ltr'>τὸν</span> <span class='ocrx_word' id='word_1_20' title='bbox 374 1154 511 1233; x_wconf 78' lang='grc' dir='ltr'><em>νιδλεμον</em></span> <span class='ocrx_word' id='word_1_21' title='bbox 544 1155 728 1230; x_wconf 72' lang='grc' dir='ltr'><em>διοικοῦντος</em></span> <span class='ocrx_word' id='word_1_22' title='bbox 763 1153 879 1235; x_wconf 78' lang='grc' dir='ltr'><em>ἔκρινον</em></span> <span class='ocrx_word' id='word_1_23' title='bbox 904 1151 1020 1234; x_wconf 69' lang='grc' dir='ltr'><em>ἑτέρους</em></span> <span class='ocrx_word' id='word_1_24' title='bbox 1042 1153 1248 1220; x_wconf 73' lang='grc' dir='ltr'>ἀποστέλλειν</span> <span class='ocrx_word' id='word_1_25' title='bbox 1271 1157 1356 1234; x_wconf 65' lang='grc' dir='ltr'><em>μενοι</em></span> 
     </span>
     <span class='ocr_line' id='line_1_5' title="bbox 287 1303 1356 1392; baseline 0.005 -24"><span class='ocrx_word' id='word_1_26' title='bbox 287 1303 443 1383; x_wconf 68' lang='grc' dir='ltr'><em>δυνάμεως</em></span> <span class='ocrx_word' id='word_1_27' title='bbox 473 1303 634 1384; x_wconf 69' lang='grc' dir='ltr'>μεγάλης.</span> <span class='ocrx_word' id='word_1_28' title='bbox 671 1306 782 1391; x_wconf 83' lang='lat' dir='ltr'>Pcrgit</span> <span class='ocrx_word' id='word_1_29' title='bbox 810 1306 873 1370; x_wconf 82' lang='lat' dir='ltr'>ita:</span> <span class='ocrx_word' id='word_1_30' title='bbox 906 1305 1041 1392; x_wconf 84' lang='lat' dir='ltr'>,Itaque</span> <span class='ocrx_word' id='word_1_31' title='bbox 1064 1307 1173 1372; x_wconf 87' lang='lat' dir='ltr'>statim</span> <span class='ocrx_word' id='word_1_32' title='bbox 1195 1307 1356 1373; x_wconf 85' lang='lat' dir='ltr'>nobilissi-</span> 
     </span>
     <span class='ocr_line' id='line_1_6' title="bbox 284 1453 1355 1540; baseline 0.002 -21"><span class='ocrx_word' id='word_1_33' title='bbox 284 1475 409 1520; x_wconf 86' lang='lat' dir='ltr'>morum</span> <span class='ocrx_word' id='word_1_34' title='bbox 435 1455 553 1520; x_wconf 83' lang='lat' dir='ltr'>civium</span> <span class='ocrx_word' id='word_1_35' title='bbox 576 1460 608 1520; x_wconf 87' lang='lat' dir='ltr'>et</span> <span class='ocrx_word' id='word_1_36' title='bbox 630 1454 875 1520; x_wconf 85' lang='lat' dir='ltr'>fortissimorum</span> <span class='ocrx_word' id='word_1_37' title='bbox 899 1453 1053 1518; x_wconf 81' lang='lat' dir='ltr'>Afrorum</span> <span class='ocrx_word' id='word_1_38' title='bbox 1076 1453 1201 1520; x_wconf 87' lang='lat' dir='ltr'>delectu</span> <span class='ocrx_word' id='word_1_39' title='bbox 1224 1455 1355 1540; x_wconf 88' lang='lat' dir='ltr'>habite,</span> 
     </span>
     <span class='ocr_line' id='line_1_7' title="bbox 281 1601 1354 1690; baseline 0 -22"><span class='ocrx_word' id='word_1_40' title='bbox 281 1609 447 1688; x_wconf 86' lang='lat' dir='ltr'>praetcrea</span> <span class='ocrx_word' id='word_1_41' title='bbox 467 1623 585 1689; x_wconf 86' lang='lat' dir='ltr'>magua</span> <span class='ocrx_word' id='word_1_42' title='bbox 606 1603 741 1690; x_wconf 86' lang='lat' dir='ltr'>pecunia</span> <span class='ocrx_word' id='word_1_43' title='bbox 753 1603 868 1668; x_wconf 87' lang='lat' dir='ltr'>collata</span> <span class='ocrx_word' id='word_1_44' title='bbox 880 1602 1061 1690; x_wconf 88' lang='lat' dir='ltr'>Hispanos,</span> <span class='ocrx_word' id='word_1_45' title='bbox 1076 1601 1204 1688; x_wconf 79' lang='lat' dir='ltr'>Gallos,</span> <span class='ocrx_word' id='word_1_46' title='bbox 1218 1603 1354 1690; x_wconf 80' lang='lat' dir='ltr'>Ligures</span> 
     </span>
     <span class='ocr_line' id='line_1_8' title="bbox 282 1750 1352 1851; baseline 0.004 -36"><span class='ocrx_word' id='word_1_47' title='bbox 282 1750 426 1816; x_wconf 77' lang='lat' dir='ltr'>mercede</span> <span class='ocrx_word' id='word_1_48' title='bbox 448 1750 688 1836; x_wconf 80' lang='lat' dir='ltr'>conduxerunt3</span> <span class='ocrx_word' id='word_1_49' title='bbox 709 1772 808 1817; x_wconf 83' lang='lat' dir='ltr'>navas</span> <span class='ocrx_word' id='word_1_50' title='bbox 830 1772 957 1838; x_wconf 91' lang='lat' dir='ltr'>quoque</span> <span class='ocrx_word' id='word_1_51' title='bbox 979 1752 1090 1838; x_wconf 85' lang='lat' dir='ltr'>longas</span> <span class='ocrx_word' id='word_1_52' title='bbox 1110 1752 1261 1851; x_wconf 83' lang='lat' dir='ltr'>fabricati</span> <span class='ocrx_word' id='word_1_53' title='bbox 1268 1751 1352 1819; x_wconf 87' lang='lat' dir='ltr'>mul·</span> 
     </span>
     <span class='ocr_line' id='line_1_9' title="bbox 283 1899 1351 1988; baseline 0.002 -24"><span class='ocrx_word' id='word_1_54' title='bbox 283 1905 333 1964; x_wconf 88' lang='lat' dir='ltr'>tas</span> <span class='ocrx_word' id='word_1_55' title='bbox 366 1901 527 1966; x_wconf 88' lang='lat' dir='ltr'>onerariae</span> <span class='ocrx_word' id='word_1_56' title='bbox 555 1905 739 1966; x_wconf 69' lang='lat' dir='ltr'>cotmerunt</span> <span class='ocrx_word' id='word_1_57' title='bbox 762 1905 794 1964; x_wconf 87' lang='lat' dir='ltr'>ct</span> <span class='ocrx_word' id='word_1_58' title='bbox 817 1900 946 1964; x_wconf 91' lang='lat' dir='ltr'>omuino</span> <span class='ocrx_word' id='word_1_59' title='bbox 968 1899 1131 1985; x_wconf 85' lang='lat' dir='ltr'>ingentem</span> <span class='ocrx_word' id='word_1_60' title='bbox 1153 1900 1229 1965; x_wconf 89' lang='lat' dir='ltr'>belli</span> <span class='ocrx_word' id='word_1_61' title='bbox 1253 1923 1351 1988; x_wconf 85' lang='lat' dir='ltr'>appa·</span> 
     </span>
     <span class='ocr_line' id='line_1_10' title="bbox 282 2047 1354 2134; baseline 0.002 -22"><span class='ocrx_word' id='word_1_62' title='bbox 282 2053 389 2112; x_wconf 90' lang='lat' dir='ltr'>ratum</span> <span class='ocrx_word' id='word_1_63' title='bbox 424 2049 721 2134; x_wconf 81' lang='lat' dir='ltr'>comparaverunt.”</span> <span class='ocrx_word' id='word_1_64' title='bbox 757 2047 847 2113; x_wconf 86' lang='lat' dir='ltr'>Infra</span> <span class='ocrx_word' id='word_1_65' title='bbox 881 2047 961 2134; x_wconf 77' lang='lat' dir='ltr'>(lap.</span> <span class='ocrx_word' id='word_1_66' title='bbox 996 2050 1056 2132; x_wconf 76' lang='lat'>77,</span> <span class='ocrx_word' id='word_1_67' title='bbox 1090 2050 1108 2132; x_wconf 68' lang='grc' dir='ltr'>ξ</span> <span class='ocrx_word' id='word_1_68' title='bbox 1142 2051 1162 2114; x_wconf 85' lang='grc'>4</span> <span class='ocrx_word' id='word_1_69' title='bbox 1195 2048 1289 2114; x_wconf 88' lang='lat' dir='ltr'>Diod.</span> <span class='ocrx_word' id='word_1_70' title='bbox 1314 2049 1354 2114; x_wconf 90' lang='lat' dir='ltr'>de</span> 
     </span>
     <span class='ocr_line' id='line_1_11' title="bbox 283 2194 1351 2282; baseline 0.004 -22"><span class='ocrx_word' id='word_1_71' title='bbox 283 2195 463 2262; x_wconf 90' lang='lat' dir='ltr'>Poenorum</span> <span class='ocrx_word' id='word_1_72' title='bbox 486 2196 584 2282; x_wconf 87' lang='lat' dir='ltr'>copiis</span> <span class='ocrx_word' id='word_1_73' title='bbox 610 2196 734 2260; x_wconf 72' lang='lat' dir='ltr'>circiter</span> <span class='ocrx_word' id='word_1_74' title='bbox 759 2194 869 2261; x_wconf 83' lang='lat' dir='ltr'>eedem</span> <span class='ocrx_word' id='word_1_75' title='bbox 891 2194 989 2261; x_wconf 80' lang='lat' dir='ltr'>refert</span> <span class='ocrx_word' id='word_1_76' title='bbox 1012 2217 1095 2282; x_wconf 85' lang='lat' dir='ltr'>quoe</span> <span class='ocrx_word' id='word_1_77' title='bbox 1119 2196 1223 2262; x_wconf 73' lang='lat' dir='ltr'>Plus:</span> <span class='ocrx_word' id='word_1_78' title='bbox 1237 2197 1351 2264; x_wconf 80' lang='lat' dir='ltr'>Totius</span> 
     </span>
    </p>
   </div>
   <div class='ocr_carea' id='block_1_3' title="bbox 281 2345 1353 2432">
    <p class='ocr_par' dir='ltr' id='par_1_3' title="bbox 281 2345 1353 2432">
     <span class='ocr_line' id='line_1_12' title="bbox 281 2345 1353 2432; baseline 0.007 -23"><span class='ocrx_word' id='word_1_79' title='bbox 281 2345 440 2410; x_wconf 84' lang='lat' dir='ltr'>exereitus</span> <span class='ocrx_word' id='word_1_80' title='bbox 465 2366 589 2410; x_wconf 90' lang='lat' dir='ltr'>summa</span> <span class='ocrx_word' id='word_1_81' title='bbox 613 2366 686 2410; x_wconf 92' lang='lat' dir='ltr'>cum</span> <span class='ocrx_word' id='word_1_82' title='bbox 709 2345 748 2410; x_wconf 89' lang='lat' dir='ltr'>iis</span> <span class='ocrx_word' id='word_1_83' title='bbox 771 2346 886 2432; x_wconf 90' lang='lat' dir='ltr'>copiis,</span> <span class='ocrx_word' id='word_1_84' title='bbox 910 2368 992 2432; x_wconf 88' lang='lat' dir='ltr'>quae</span> <span class='ocrx_word' id='word_1_85' title='bbox 1013 2347 1230 2414; x_wconf 84' lang='lat' dir='ltr'>iamanteain</span> <span class='ocrx_word' id='word_1_86' title='bbox 1244 2349 1353 2417; x_wconf 81' lang='lat' dir='ltr'>Sicilia</span> 
     </span>
    </p>
   </div>
   <div class='ocr_carea' id='block_1_4' title="bbox 279 2461 1351 2585">
    <p class='ocr_par' dir='ltr' id='par_1_4' title="bbox 279 2461 1351 2585">
     <span class='ocr_line' id='line_1_13' title="bbox 279 2461 1351 2585; baseline 0.007 -28"><span class='ocrx_word' id='word_1_87' title='bbox 279 2499 388 2578; x_wconf 85' lang='lat' dir='ltr'>crant,</span> <span class='ocrx_word' id='word_1_88' title='bbox 422 2495 482 2558; x_wconf 88' lang='lat' dir='ltr'>fuit</span> <span class='ocrx_word' id='word_1_89' title='bbox 515 2494 659 2580; x_wconf 86' lang='lat' dir='ltr'>peditum</span> <span class='ocrx_word' id='word_1_90' title='bbox 691 2495 763 2580; x_wconf 90' lang='lat' dir='ltr'>plus</span> <span class='ocrx_word' id='word_1_91' title='bbox 786 2461 889 2559; x_wconf 62' lang='lat' dir='ltr'>⁴LXX</span> <span class='ocrx_word' id='word_1_92' title='bbox 911 2495 1052 2580; x_wconf 76' lang='lat' dir='ltr'>milium,</span> <span class='ocrx_word' id='word_1_93' title='bbox 1078 2495 1240 2564; x_wconf 85' lang='lat' dir='ltr'>habebant</span> <span class='ocrx_word' id='word_1_94' title='bbox 1262 2500 1351 2585; x_wconf 86' lang='lat' dir='ltr'>cqui-</span> 
     </span>
    </p>
   </div>
   <div class='ocr_carea' id='block_1_5' title="bbox 272 2642 1351 4216">
    <p class='ocr_par' dir='ltr' id='par_1_5' title="bbox 272 2642 1351 4216">
     <span class='ocr_line' id='line_1_14' title="bbox 279 2642 1348 2729; baseline 0.007 -24"><span class='ocrx_word' id='word_1_95' title='bbox 279 2647 348 2706; x_wconf 88' lang='lat' dir='ltr'>tum</span> <span class='ocrx_word' id='word_1_96' title='bbox 384 2647 416 2706; x_wconf 89' lang='lat' dir='ltr'>et</span> <span class='ocrx_word' id='word_1_97' title='bbox 441 2663 593 2723; x_wconf 77' lang='lat' dir='ltr'>curruum</span> <span class='ocrx_word' id='word_1_98' title='bbox 620 2648 652 2706; x_wconf 88' lang='lat' dir='ltr'>et</span> <span class='ocrx_word' id='word_1_99' title='bbox 677 2642 825 2727; x_wconf 87' lang='lat' dir='ltr'>bigarum</span> <span class='ocrx_word' id='word_1_100' title='bbox 847 2663 912 2707; x_wconf 93' lang='lat' dir='ltr'>non</span> <span class='ocrx_word' id='word_1_101' title='bbox 934 2643 1040 2708; x_wconf 91' lang='lat' dir='ltr'>minus</span> <span class='ocrx_word' id='word_1_102' title='bbox 1062 2643 1096 2708; x_wconf 90' lang='lat' dir='ltr'>X</span> <span class='ocrx_word' id='word_1_103' title='bbox 1119 2644 1225 2729; x_wconf 86' lang='lat' dir='ltr'>milia,</span> <span class='ocrx_word' id='word_1_104' title='bbox 1249 2667 1348 2712; x_wconf 84' lang='lat' dir='ltr'>naves</span> 
     </span>
     <span class='ocr_line' id='line_1_15' title="bbox 277 2789 1351 2880; baseline 0.007 -26"><span class='ocrx_word' id='word_1_105' title='bbox 277 2791 388 2876; x_wconf 81' lang='lat' dir='ltr'>longas</span> <span class='ocrx_word' id='word_1_106' title='bbox 419 2789 492 2874; x_wconf 77' lang='lat'>00,</span> <span class='ocrx_word' id='word_1_107' title='bbox 516 2792 677 2856; x_wconf 87' lang='lat' dir='ltr'>onerariae</span> <span class='ocrx_word' id='word_1_108' title='bbox 702 2792 774 2877; x_wconf 90' lang='lat' dir='ltr'>plus</span> <span class='ocrx_word' id='word_1_109' title='bbox 798 2791 865 2856; x_wconf 85' lang='lat' dir='ltr'><strong>M.’&#39;</strong></span> <span class='ocrx_word' id='word_1_110' title='bbox 890 2791 1002 2858; x_wconf 83' lang='lat' dir='ltr'>Tradit</span> <span class='ocrx_word' id='word_1_111' title='bbox 1027 2792 1141 2876; x_wconf 90' lang='lat' dir='ltr'>Diod.,</span> <span class='ocrx_word' id='word_1_112' title='bbox 1165 2793 1204 2858; x_wconf 88' lang='lat' dir='ltr'>de</span> <span class='ocrx_word' id='word_1_113' title='bbox 1229 2815 1294 2880; x_wconf 86' lang='lat' dir='ltr'>qua</span> <span class='ocrx_word' id='word_1_114' title='bbox 1315 2817 1351 2861; x_wconf 89' lang='lat' dir='ltr'>re</span> 
     </span>
     <span class='ocr_line' id='line_1_16' title="bbox 279 2937 1348 3023; baseline 0.005 -20"><span class='ocrx_word' id='word_1_115' title='bbox 279 2937 352 3004; x_wconf 86' lang='lat' dir='ltr'>silet</span> <span class='ocrx_word' id='word_1_116' title='bbox 388 2939 599 3023; x_wconf 85' lang='lat' dir='ltr'>Plutarchus,</span> <span class='ocrx_word' id='word_1_117' title='bbox 635 2941 868 3007; x_wconf 86' lang='lat' dir='ltr'>Timoleontem</span> <span class='ocrx_word' id='word_1_118' title='bbox 896 2941 996 3006; x_wconf 87' lang='lat' dir='ltr'>ctiam</span> <span class='ocrx_word' id='word_1_119' title='bbox 1018 2947 1090 3013; x_wconf 56' lang='lat' dir='ltr'>,tum</span> <span class='ocrx_word' id='word_1_120' title='bbox 1111 2943 1146 3006; x_wconf 92' lang='lat' dir='ltr'>in</span> <span class='ocrx_word' id='word_1_121' title='bbox 1168 2941 1252 3007; x_wconf 88' lang='lat' dir='ltr'>bello</span> <span class='ocrx_word' id='word_1_122' title='bbox 1275 2964 1348 3008; x_wconf 90' lang='lat' dir='ltr'>cum</span> 
     </span>
     <span class='ocr_line' id='line_1_17' title="bbox 279 3087 1348 3174; baseline 0.005 -23"><span class='ocrx_word' id='word_1_123' title='bbox 279 3087 397 3152; x_wconf 84' lang='lat' dir='ltr'>Hiceta</span> <span class='ocrx_word' id='word_1_124' title='bbox 420 3093 610 3174; x_wconf 87' lang='lat' dir='ltr'>occupatum</span> <span class='ocrx_word' id='word_1_125' title='bbox 633 3109 744 3174; x_wconf 88' lang='lat' dir='ltr'>pacem</span> <span class='ocrx_word' id='word_1_126' title='bbox 768 3110 841 3154; x_wconf 90' lang='lat' dir='ltr'>cum</span> <span class='ocrx_word' id='word_1_127' title='bbox 863 3111 900 3156; x_wconf 86' lang='lat' dir='ltr'>eo</span> <span class='ocrx_word' id='word_1_128' title='bbox 923 3090 1034 3155; x_wconf 87' lang='lat' dir='ltr'>fecisse</span> <span class='ocrx_word' id='word_1_129' title='bbox 1058 3097 1091 3154; x_wconf 86' lang='lat' dir='ltr'>et</span> <span class='ocrx_word' id='word_1_130' title='bbox 1110 3091 1266 3157; x_wconf 84' lang='lat' dir='ltr'>militibus</span> <span class='ocrx_word' id='word_1_131' title='bbox 1280 3093 1348 3158; x_wconf 87' lang='lat' dir='ltr'>eius</span> 
     </span>
     <span class='ocr_line' id='line_1_18' title="bbox 279 3233 1347 3326; baseline 0.005 -26"><span class='ocrx_word' id='word_1_132' title='bbox 279 3233 320 3300; x_wconf 87' lang='lat' dir='ltr'>ad</span> <span class='ocrx_word' id='word_1_133' title='bbox 352 3255 386 3300; x_wconf 89' lang='lat' dir='ltr'>se</span> <span class='ocrx_word' id='word_1_134' title='bbox 418 3237 554 3322; x_wconf 84' lang='lat' dir='ltr'>receptis</span> <span class='ocrx_word' id='word_1_135' title='bbox 589 3237 752 3322; x_wconf 89' lang='lat' dir='ltr'>copiarum</span> <span class='ocrx_word' id='word_1_136' title='bbox 788 3258 918 3303; x_wconf 87' lang='lat' dir='ltr'>suerum</span> <span class='ocrx_word' id='word_1_137' title='bbox 950 3259 1119 3304; x_wconf 90' lang='lat' dir='ltr'>numerum</span> <span class='ocrx_word' id='word_1_138' title='bbox 1142 3236 1229 3304; x_wconf 83' lang='lat' dir='ltr'>haud</span> <span class='ocrx_word' id='word_1_139' title='bbox 1251 3241 1347 3326; x_wconf 87' lang='lat' dir='ltr'>paulo</span> 
     </span>
     <span class='ocr_line' id='line_1_19' title="bbox 277 3383 1347 3471; baseline 0.004 -23"><span class='ocrx_word' id='word_1_140' title='bbox 277 3384 414 3450; x_wconf 82' lang='lat' dir='ltr'>auxisse.</span> <span class='ocrx_word' id='word_1_141' title='bbox 452 3383 536 3448; x_wconf 78' lang='lat' dir='ltr'>Tum</span> <span class='ocrx_word' id='word_1_142' title='bbox 559 3383 638 3471; x_wconf 82' lang='lat' dir='ltr'>Oap.</span> <span class='ocrx_word' id='word_1_143' title='bbox 665 3387 723 3449; x_wconf 77' lang='lat'>78:</span> <span class='ocrx_word' id='word_1_144' title='bbox 747 3383 828 3462; x_wconf 76' lang='grc' dir='ltr'><em>ἔδοξε</em></span> <span class='ocrx_word' id='word_1_145' title='bbox 852 3385 968 3470; x_wconf 73' lang='grc' dir='ltr'><em>δἀὺτῷ</em></span> <span class='ocrx_word' id='word_1_146' title='bbox 991 3386 1040 3452; x_wconf 80' lang='grc' dir='ltr'>τὸν</span> <span class='ocrx_word' id='word_1_147' title='bbox 1063 3387 1136 3468; x_wconf 73' lang='grc' dir='ltr'>πρὸς</span> <span class='ocrx_word' id='word_1_148' title='bbox 1158 3385 1229 3462; x_wconf 77' lang='grc' dir='ltr'><em>τοὺς</em></span> <span class='ocrx_word' id='word_1_149' title='bbox 1252 3385 1347 3452; x_wconf 77' lang='grc' dir='ltr'><em>Φοίνι-</em></span> 
     </span>
     <span class='ocr_line' id='line_1_20' title="bbox 276 3529 1346 3614; baseline 0.007 -20"><span class='ocrx_word' id='word_1_150' title='bbox 276 3555 333 3605; x_wconf 78' lang='grc' dir='ltr'><em>κοιρ</em></span> <span class='ocrx_word' id='word_1_151' title='bbox 367 3532 479 3608; x_wconf 74' lang='grc' dir='ltr'><em>οέρῶνοι</em></span> <span class='ocrx_word' id='word_1_152' title='bbox 512 3529 731 3606; x_wconf 66' lang='grc' dir='ltr'><em>ονοτῆοοοοθιιι</em></span> <span class='ocrx_word' id='word_1_153' title='bbox 767 3530 852 3598; x_wconf 74' lang='grc' dir='ltr'><em>κοινοὶ</em></span> <span class='ocrx_word' id='word_1_154' title='bbox 876 3535 931 3606; x_wconf 67' lang='grc' dir='ltr'>τήν</span> <span class='ocrx_word' id='word_1_155' title='bbox 956 3539 1018 3598; x_wconf 80' lang='grc' dir='ltr'>τῶν</span> <span class='ocrx_word' id='word_1_156' title='bbox 1044 3534 1256 3614; x_wconf 75' lang='grc' dir='ltr'><em>Καρχηδονίων</em></span> <span class='ocrx_word' id='word_1_157' title='bbox 1281 3538 1346 3601; x_wconf 78' lang='grc' dir='ltr'><em>ἐνοι-</em></span> 
     </span>
     <span class='ocr_line' id='line_1_21' title="bbox 275 3643 1345 3768; baseline 0.004 -23"><span class='ocrx_word' id='word_1_158' title='bbox 275 3679 437 3765; x_wconf 62' lang='lat' dir='ltr'>aptarat,</span> <span class='ocrx_word' id='word_1_159' title='bbox 460 3675 540 3754; x_wconf 71' lang='grc' dir='ltr'>ὅπως</span> <span class='ocrx_word' id='word_1_160' title='bbox 564 3685 620 3762; x_wconf 79' lang='grc' dir='ltr'>τὴν</span> <span class='ocrx_word' id='word_1_161' title='bbox 642 3680 699 3758; x_wconf 78' lang='grc' dir='ltr'>μὲν</span> <span class='ocrx_word' id='word_1_162' title='bbox 721 3685 780 3745; x_wconf 77' lang='grc' dir='ltr'>τῶν</span> <span class='ocrx_word' id='word_1_163' title='bbox 804 3643 984 3763; x_wconf 74' lang='grc' dir='ltr'><em>σνμμοὶχιον</em></span> <span class='ocrx_word' id='word_1_164' title='bbox 1005 3682 1110 3763; x_wconf 70' lang='grc' dir='ltr'><em>χώραν</em></span> <span class='ocrx_word' id='word_1_165' title='bbox 1129 3683 1345 3768; x_wconf 68' lang='grc' dir='ltr'><em>ἀσινῆ-διαφυ-</em></span> 
     </span>
     <span class='ocr_line' id='line_1_22' title="bbox 274 3825 1343 3920; baseline 0.007 -26"><span class='ocrx_word' id='word_1_166' title='bbox 274 3829 373 3910; x_wconf 57' lang='lat' dir='ltr'>auga,</span> <span class='ocrx_word' id='word_1_167' title='bbox 398 3833 453 3909; x_wconf 77' lang='grc' dir='ltr'>τὴν</span> <span class='ocrx_word' id='word_1_168' title='bbox 476 3829 502 3893; x_wconf 78' lang='grc' dir='ltr'>δ’</span> <span class='ocrx_word' id='word_1_169' title='bbox 526 3829 584 3896; x_wconf 78' lang='grc' dir='ltr'>ὑπὸ</span> <span class='ocrx_word' id='word_1_170' title='bbox 607 3828 677 3905; x_wconf 71' lang='grc' dir='ltr'>τοὺς</span> <span class='ocrx_word' id='word_1_171' title='bbox 699 3830 878 3912; x_wconf 68' lang='grc' dir='ltr'><em>βαρβάρους</em></span> <span class='ocrx_word' id='word_1_172' title='bbox 899 3825 992 3896; x_wconf 80' lang='grc' dir='ltr'><em>οὖσοιν</em></span> <span class='ocrx_word' id='word_1_173' title='bbox 1015 3831 1228 3920; x_wconf 70' lang='grc' dir='ltr'><em>ιιοιτοιφθείρρρ.</em></span> <span class='ocrx_word' id='word_1_174' title='bbox 1242 3833 1343 3901; x_wconf 86' lang='lat' dir='ltr'>Maio-</span> 
     </span>
     <span class='ocr_line' id='line_1_23' title="bbox 274 3979 1342 4067; baseline 0.007 -24"><span class='ocrx_word' id='word_1_175' title='bbox 274 3999 342 4044; x_wconf 89' lang='lat' dir='ltr'>rem</span> <span class='ocrx_word' id='word_1_176' title='bbox 375 3979 512 4064; x_wconf 86' lang='lat' dir='ltr'>speciem</span> <span class='ocrx_word' id='word_1_177' title='bbox 545 3980 613 4046; x_wconf 86' lang='lat' dir='ltr'>veri</span> <span class='ocrx_word' id='word_1_178' title='bbox 646 3980 744 4045; x_wconf 89' lang='lat' dir='ltr'>habet</span> <span class='ocrx_word' id='word_1_179' title='bbox 774 3980 807 4045; x_wconf 92' lang='lat' dir='ltr'>id</span> <span class='ocrx_word' id='word_1_180' title='bbox 829 3979 914 4066; x_wconf 87' lang='lat' dir='ltr'>quod</span> <span class='ocrx_word' id='word_1_181' title='bbox 936 3981 1096 4067; x_wconf 85' lang='lat' dir='ltr'>colligitur</span> <span class='ocrx_word' id='word_1_182' title='bbox 1118 4003 1137 4048; x_wconf 89' lang='lat' dir='ltr'>c</span> <span class='ocrx_word' id='word_1_183' title='bbox 1160 3983 1342 4050; x_wconf 89' lang='lat' dir='ltr'>narratione</span> 
     </span>
     <span class='ocr_line' id='line_1_24' title="bbox 272 4124 1346 4216; baseline 0.008 -26"><span class='ocrx_word' id='word_1_184' title='bbox 272 4124 459 4212; x_wconf 84' lang='lat' dir='ltr'>Plutarchi,</span> <span class='ocrx_word' id='word_1_185' title='bbox 494 4127 725 4194; x_wconf 83' lang='lat' dir='ltr'>Timoleontcm</span> <span class='ocrx_word' id='word_1_186' title='bbox 759 4151 823 4194; x_wconf 91' lang='lat' dir='ltr'>non</span> <span class='ocrx_word' id='word_1_187' title='bbox 856 4151 915 4195; x_wconf 87' lang='lat' dir='ltr'>sua</span> <span class='ocrx_word' id='word_1_188' title='bbox 948 4136 1079 4216; x_wconf 87' lang='lat' dir='ltr'>sponte,</span> <span class='ocrx_word' id='word_1_189' title='bbox 1114 4132 1170 4197; x_wconf 88' lang='lat' dir='ltr'>scd</span> <span class='ocrx_word' id='word_1_190' title='bbox 1199 4132 1346 4199; x_wconf 87' lang='lat' dir='ltr'>hostium</span> 
     </span>
    </p>
   </div>
   <div class='ocr_carea' id='block_1_6' title="bbox 272 4277 1432 4368">
    <p class='ocr_par' dir='ltr' id='par_1_6' title="bbox 272 4277 1432 4368">
     <span class='ocr_line' id='line_1_25' title="bbox 272 4277 1432 4368; baseline 0.009 -28"><span class='ocrx_word' id='word_1_191' title='bbox 272 4277 451 4344; x_wconf 83' lang='lat' dir='ltr'>incursione</span> <span class='ocrx_word' id='word_1_192' title='bbox 484 4283 629 4344; x_wconf 89' lang='lat' dir='ltr'>coactum</span> <span class='ocrx_word' id='word_1_193' title='bbox 662 4279 695 4344; x_wconf 90' lang='lat' dir='ltr'>iu</span> <span class='ocrx_word' id='word_1_194' title='bbox 731 4299 770 4344; x_wconf 86' lang='lat' dir='ltr'>ea</span> <span class='ocrx_word' id='word_1_195' title='bbox 803 4284 895 4367; x_wconf 87' lang='lat' dir='ltr'>parte</span> <span class='ocrx_word' id='word_1_196' title='bbox 918 4277 1060 4363; x_wconf 85' lang='lat' dir='ltr'>Siciliae,</span> <span class='ocrx_word' id='word_1_197' title='bbox 1084 4300 1167 4368; x_wconf 87' lang='lat' dir='ltr'>quoe</span> <span class='ocrx_word' id='word_1_198' title='bbox 1191 4301 1338 4350; x_wconf 84' lang='lat' dir='ltr'>occasum</span> <span class='ocrx_word' id='word_1_199' title='bbox 1430 4316 1432 4320; x_wconf 47' lang='lat'><strong><em>¹</em></strong></span> 
     </span>
    </p>
   </div>
   <div class='ocr_carea' id='block_1_7' title="bbox 0 0 1676 5140">
    <p class='ocr_par' dir='ltr' id='par_1_7' title="bbox 0 0 1676 5140">
     <span class='ocr_line' id='line_1_26' title="bbox 0 0 1676 5140; baseline 0 4"><span class='ocrx_word' id='word_1_200' title='bbox 0 0 1676 5140; x_wconf 95' lang='lat' dir='ltr'> </span> 
     </span>
    </p>
   </div>
  </div>
 </body>
</html>
