3342 5140
646 1035 759 1100 oAP.
794 1034 955 1100 XVIII.

307 1318 328 1391 t
363 1336 508 1406 primore
536 1334 670 1411 χειμῶνι
695 1331 929 1412 παρεισέπιπτε.
954 1332 1088 1420 Saepius
1110 1333 1246 1418 legimus
1266 1351 1336 1409 ver·

265 1476 342 1542 bum
366 1480 622 1566 aspernatorem,
646 1488 802 1570 utsupra
826 1482 903 1570 Cap.
927 1482 1034 1548 XIII:
1059 1485 1163 1564 κρύφα
1186 1483 1240 1546 καὶ
1265 1483 1335 1544 κατ’

264 1625 388 1702 ὀλίγους
422 1629 705 1708 παρεισπεσόντας.
739 1637 771 1696 et
805 1653 856 1718 ap.
891 1630 1021 1696 Diodor.
1055 1652 1086 1696 v.
1121 1651 1148 1696 o.
1171 1629 1210 1695 L.
1233 1627 1334 1712 XVI,

267 1773 345 1862 Cap.
380 1778 439 1861 68,
477 1776 539 1844 102'
559 1780 771 1859 παρεισπεσὼν
794 1779 819 1843 δ’
844 1781 888 1855 εἷς
909 1783 964 1861 τὴν
988 1777 1203 1858 παρεμβολήν.
1227 1777 1337 1842 Habet

266 1945 337 1990 eam
371 1926 653 2012 significationem,
689 1927 727 1992 de
751 1949 815 2014 qua
836 1928 926 1992 nulla
949 1926 1105 1991 dubitatio
1128 1946 1197 1990 esse
1220 1924 1337 2011 possit,

266 2094 397 2160 nempe:
431 2075 531 2160 olam,
565 2075 676 2142 furtim
705 2077 738 2140 in
761 2077 900 2162 aliquem
922 2077 1027 2140 looum
1045 2075 1184 2161 irrepere
1196 2079 1227 2138 et
1239 2072 1338 2140 illabi.

267 2221 386 2288 Tooere
418 2229 454 2287 ut
489 2225 604 2310 aliquis
638 2225 818 2289 elanoulum
849 2225 883 2288 in
916 2225 1022 2288 looum
1055 2243 1089 2288 se
1110 2222 1266 2306 insinuet,
1290 2224 1340 2285 est

267 2375 484 2458 παρεισάγειν,
519 2381 555 2438 ut
590 2375 623 2438 in
659 2373 719 2438 hoo
753 2376 873 2460 eapite:
898 2371 1039 2436 κλέπτων
1066 2375 1120 2436 καὶ
1144 2373 1339 2452 παρεισάγων

271 2529 326 2602 τὴν
363 2475 565 2602 συμμαχίαν.
602 2521 824 2605 Contrarium,
859 2527 896 2586 ut
929 2520 1073 2605 ridetur,
1096 2520 1215 2607 optime
1237 2518 1341 2584 reddit

271 2633 649 2750 volumtantem,
690 2668 856 2754 ocensem,
892 2669 1004 2734 furtim
1026 2667 1127 2752 eobo
1149 2667 1267 2752 legitur
1288 2687 1340 2752 ap.

271 2826 433 2902 nostrum,
468 2819 524 2884 ubi
558 2819 690 2906 exponit
725 2817 881 2904 quomodo
914 2817 1031 2884 Poenis
1060 2838 1094 2882 os
1124 2815 1278 2882 sublitum
1300 2815 1342 2878 sit

272 2990 291 3034 a
313 2967 512 3034 Timoleonte
533 2973 565 3032 et
588 2967 765 3054 Rheginis,
792 2967 870 3055 Cap.
890 2967 939 3034 X:
953 2964 1069 3042 διεκδὺς
1081 2967 1131 3030 τὸν
1144 2962 1256 3049 ὄχλον,
1269 2957 1340 3042 ἅμα

252 3119 333 3180 ,τῶν
358 3113 425 3194 περὶ
450 3116 485 3181 τὸ
508 3114 602 3196 βῆμα
630 3114 775 3192 Ῥηγίνων
799 3119 1099 3196 συνεπικρυπτόντων
1122 3137 1153 3178 κ.
1176 3135 1206 3178 τ.
1231 3126 1262 3178 λ.

316 3403 337 3476 οδ
372 3412 407 3493 δὴ
444 3415 623 3492 συνορῶντες
656 3412 682 3478 οἱ
718 3415 787 3483 περὶ
823 3416 876 3476 τὸν
908 3408 1054 3488 Μάγωνα
1077 3413 1131 3474 καὶ
1154 3410 1206 3474 τὸν
1229 3407 1344 3483 Ἱκέτην

276 3559 436 3638 ἐβούλοντο
472 3566 527 3643 τὴν
562 3567 702 3636 Κιιπάνιρν
738 3561 842 3635 ἑλεῖν,
884 3559 917 3638 ἐξ
951 3555 984 3636 ἧς
1007 3547 1094 3624 ἔπλει
1118 3557 1161 3622 τοὶ
1187 3557 1344 3632 ἐπιτήδεια

276 3709 534 3796 (1.τοίπιπήδεια)
557 3715 621 3786 τοῖς
643 3710 915 3792 πολιορκουμένοις.
940 3710 1116 3776 Versamur
1139 3709 1173 3773 in
1185 3709 1347 3776 obsidione

277 3857 405 3926 Insulae
439 3883 463 3924 s.
498 3860 671 3947 Ortygiae,
706 3882 769 3947 quo
803 3861 968 3926 Timoleon
1005 3859 1164 3926 dedItione
1186 3861 1271 3925 faeta
1293 3859 1347 3943 (ef.

278 4005 355 4094 Cap.
390 4006 494 4092 XIII)
519 4007 630 4073 0000
652 4009 772 4074 milites
795 4008 945 4092 Euolide,
969 4007 1160 4074 Telemacho
1182 4013 1215 4072 et
1237 4007 1269 4072 N
1271 4027 1349 4073 eone

278 4153 409 4220 ducibus
442 4157 590 4240 miserat;
625 4156 659 4222 hi
692 4163 818 4244 praeter
853 4157 925 4222 MM
955 4155 1238 4240 mercenariorum,
1268 4175 1348 4240 quos

278 4309 450 4394 tyrannus,
485 4311 522 4370 ut
559 4306 700 4392 reliqua,
734 4305 925 4372 Timoleonti
948 4303 1140 4388 tradiderat,
1165 4302 1231 4368 orei
1254 4301 1347 4368 Insu-
