3342 5140
784 626 825 687 63

264 853 298 916 in
325 853 543 934 Timoleonta,
568 851 650 915 dixit
673 871 758 914 nune
780 847 908 914 demum
932 853 1338 918 serotiessedamnatum:

268 1023 407 1087 namque
442 1001 502 1065 hoe
537 1023 556 1064 a
589 1000 649 1064 diis
683 1000 915 1064 immortalibus
949 1022 1073 1088 semper
1095 1007 1279 1089 precatum,
1303 1007 1339 1066 ut

267 1153 365 1216 talem
401 1150 584 1214 libertatem
618 1149 803 1213 restitueret
839 1147 1064 1234 Syracusanin,
1096 1151 1129 1214 in
1153 1171 1217 1235 qua
1239 1150 1339 1215 ouivis

265 1301 399 1384 liceret,
423 1299 462 1364 de
486 1319 549 1385 quo
570 1299 690 1382 vellet,
712 1299 843 1384 impune
867 1297 1002 1362 dicere.”

204 1481 206 1487 s
313 1448 398 1523 Quid
435 1469 514 1534 opus
539 1453 605 1531 est,
630 1447 657 1510 si
680 1446 758 1511 haee
785 1447 892 1512 omnia
916 1447 1042 1512 easdem
1065 1470 1115 1513 res
1139 1447 1252 1514 iisdem
1275 1452 1340 1516 fere

270 1597 376 1664 verbis
410 1589 543 1662 vestitas
578 1595 749 1660 lectoribus
782 1598 991 1682 proponentia
1016 1598 1099 1661 inter
1121 1618 1155 1662 se
1178 1619 1339 1685 eompara-

269 1748 370 1830 veris,
404 1745 514 1810 multis
549 1744 767 1810 demonstrare
799 1745 833 1808 in
864 1745 924 1810 hae
951 1747 1063 1810 saltem
1086 1753 1177 1833 parte
1200 1749 1286 1813 vitae
1308 1755 1340 1814 et

267 1896 420 1960 Latinum
444 1900 476 1959 et
496 1893 655 1959 Graecum
668 1895 855 1987 scriptorem
867 1915 909 1960 ex
921 1895 1081 1960 communi
1093 1896 1196 1979 fonte,
1210 1896 1340 1962 Timaeo
1406 1957 1409 1962 ,

268 2050 304 2110 ut
327 2043 471 2126 videtur,
495 2042 663 2128 diligenter
687 2048 720 2108 et
743 2041 852 2107 sedulo
874 2042 1042 2108 hausisse?

312 2341 366 2422 ἠδν
392 2337 599 2420 πρεσβύτερος
624 2338 661 2402 ὢν
685 2339 899 2418 (inapparatu
924 2345 980 2421 τὴν
1004 2338 1072 2420 ὅφιν
1095 2363 1123 2405 κ.
1148 2363 1176 2406 τ.
1201 2353 1232 2406 λ.
1256 2340 1340 2428 Nep.

272 2489 350 2576 Gap.
385 2490 436 2555 IV
469 2491 556 2554 init:
596 2489 680 2572 „Hie
713 2511 786 2554 eum
822 2495 928 2555 aetate
959 2489 1023 2556 iam
1048 2495 1217 2574 provectus
1239 2497 1340 2574 esset,

271 2640 339 2704 eine
377 2641 442 2705 ullo
465 2639 576 2704 morbo
599 2615 721 2705 lumina
743 2641 906 2704 oculorum
930 2638 1069 2704 amieit.”
1093 2677 1134 2686 -
1158 2639 1196 2710 ὡς
1220 2637 1341 2702 δ’ἐπαν-

267 2784 364 2867 ἢλθεν
396 2791 440 2861 εἷς
464 2785 664 2866 Συρακούσας
687 2786 781 2860 εὐθὺς
804 2785 985 2853 ἀποθέσθαι
1008 2787 1062 2862 τὴν
1080 2786 1252 2868 μοναρχίαν
1275 2787 1341 2852 uri,

273 2936 356 3023 Nep.
384 2938 462 3024 Cap.
490 2937 561 3022 ΙΙΙ,
585 2939 603 3021 ξ
627 2941 663 3002 4:
693 2938 795 3021 „Cum
818 2939 916 3036 tantis
939 2943 1022 3004 esset
1047 2938 1176 3025 opibus,
1196 2943 1232 3002 ut
1244 2938 1341 3002 etiam

271 3086 382 3150 invitis
416 3085 574 3172 imperare
607 3092 729 3172 posset,
763 3093 890 3152 tanturn
912 3093 1024 3152 autum
1048 3107 1188 3150 amorem
1210 3076 1342 3156 haberet

270 3233 411 3298 omnium
438 3232 638 3320 Siculorum,
663 3240 699 3300 ut
722 3237 810 3301 nullo
832 3242 1001 3301 recusante
1022 3257 1157 3323 regnum
1181 3236 1342 3318 obtinere,
1437 3272 1438 3275 ν

273 3382 387 3445 maluit
424 3403 457 3446 se
480 3381 569 3466 diligi
593 3403 689 3468 quam
711 3385 821 3451 metui.
845 3383 960 3470 Itaque
984 3406 1055 3450 eum
1078 3386 1217 3472 primum
1239 3386 1343 3473 potuit

272 3531 442 3615 imperium
474 3529 636 3616 deposuit,
660 3553 698 3596 ao
721 3533 866 3619 privatus
889 3533 1055 3621 Syracusis
1078 3534 1162 3620 quod
1185 3535 1342 3620 reliquum

274 3679 360 3743 vitae
385 3679 446 3743 fuit
470 3681 573 3745 vixit‘'
597 3702 624 3746 e.
648 3703 678 3768 q.
702 3706 727 3747 e.

619 3981 736 4047 CAP.
768 3981 1011 4048 XXXVIII.

208 4285 211 4289 ’
319 4282 428 4346 ἐκεῖνον
453 4281 509 4360 μὲν
534 4273 582 4347 οὗν
607 4280 698 4349 αὐτὸν
723 4280 931 4362 ὑπομείναντα
954 4285 1009 4364 τὴν
1033 4280 1195 4364 συμφορὰν
1215 4281 1343 4360 ἀλύπως
