3342 5140
826 598 866 660 14

315 825 370 902 τὴν
384 820 532 905 ἁρπαγὴν
543 819 655 888 αὐτόθι
668 825 876 901 μυθολογοῦσι
886 820 1047 900 γενέσθαι.
1059 820 1138 896 Quis
1151 821 1203 886 hio
1213 841 1276 885 non
1285 839 1387 884 reeor-

317 970 412 1034 datur
427 971 531 1036 looum
544 971 705 1037 Ciceronis
717 972 751 1036 in
764 971 846 1037 libro
857 971 897 1037 de
911 971 1018 1058 Signis
1032 970 1140 1055 (Verr.
1153 969 1214 1052 IV,
1228 966 1306 1053 Oap.
1319 969 1387 1050 48),

316 1119 372 1184 ubi
396 1119 485 1184 urbis
508 1119 731 1186 Hennensium
753 1121 851 1185 situm
874 1126 906 1186 et
929 1125 1079 1186 naturam
1091 1117 1246 1204 exponit?
1262 1115 1385 1198 ,Vetus

317 1273 366 1333 est
400 1269 479 1334 haee
502 1267 648 1355 opinio,”
671 1270 717 1335 ait
740 1269 869 1353 Cicero,
897 1290 998 1356 ,quae
1021 1272 1145 1334 constat
1167 1259 1209 1332 ex
1231 1265 1384 1352 antiquis·

318 1417 406 1480 simis
430 1415 625 1482 Graecorum
649 1419 750 1484 literis
772 1439 810 1484 ae
834 1417 1064 1500 monumentis,
1087 1416 1225 1480 insulam
1245 1413 1385 1478 Siciliam

319 1573 421 1632 totam
443 1589 512 1634 esse
535 1567 644 1634 Cereri
667 1573 698 1633 et
711 1567 846 1634 Liberae
858 1573 1083 1634 consecratam.
1096 1566 1168 1631 Hoc
1179 1587 1252 1630 oum
1264 1569 1387 1630 ceterae

321 1723 432 1802 gentes
466 1716 511 1782 sio
544 1717 759 1801 arbitrantur,
789 1722 859 1781 tum
887 1716 964 1803 ipsis
995 1715 1109 1781 Siculis
1132 1715 1180 1778 ita
1201 1731 1387 1800 persuasum

320 1870 385 1948 est,
402 1851 445 1929 'ut
467 1865 500 1929 in
523 1865 637 1930 animis
660 1886 769 1930 eorum
792 1865 924 1930 insitum
936 1871 1033 1950 atque
1044 1864 1191 1928 innatum
1203 1881 1271 1926 esse
1282 1856 1387 1924 videa·

318 2019 390 2098 tur;
412 2035 488 2079 nam
511 2019 544 2080 et
566 2019 659 2080 natas
683 2035 752 2079 esse
775 2012 833 2078 has
858 2013 960 2078 ineis
983 2013 1060 2078 loeis
1083 2011 1158 2077 deas
1181 2016 1213 2076 et
1235 2011 1343 2094 fruges
1354 2006 1388 2069 in

317 2184 355 2228 ea
379 2169 466 2228 terra
488 2163 627 2250 primum
650 2170 793 2251 repertas
816 2184 884 2228 esse
906 2163 1104 2228 arbitrentur
1127 2166 1159 2226 et
1181 2165 1388 2245 raptamesse

320 2309 489 2395 Liberam,
510 2331 608 2398 quam
632 2311 765 2377 eandem
787 2311 1014 2398 Proserpinam
1037 2316 1170 2394 vocent,
1183 2330 1225 2373 ex
1236 2307 1389 2372 Hennen-

319 2461 404 2524 sium
426 2458 595 2545 nemore'';
619 2482 803 2547 quanquam
824 2484 862 2528 ea
883 2461 1000 2528 verba:
1028 2481 1143 2547 ,quam
1166 2457 1300 2524 eandem
1311 2454 1390 2520 Pro-

322 2609 483 2694 serpinam
526 2612 680 2695 vooant”,
721 2611 856 2676 libenter
899 2612 1052 2697 magistro
1087 2607 1228 2674 scholion
1261 2603 1391 2670 addenti

319 2755 498 2842 relinquere
533 2758 648 2841 velim,
671 2778 709 2823 ea
731 2759 833 2844 magis
855 2760 962 2846 pueris
985 2757 1170 2824 Oieeronem
1193 2754 1390 2842 legentibus,

323 2926 421 2991 quam
446 2905 547 2991 ipsius
570 2906 774 2991 aequalibus,
797 2911 854 2972 aut
875 2905 1054 2972 necessarie
1075 2911 1132 2971 aut
1156 2903 1286 2971 ferenda
1307 2900 1391 2968 arbi-

322 3060 435 3118 tratus.
460 3053 504 3119 nt
527 3056 624 3141 paulo
647 3055 731 3120 infra
753 3054 792 3120 de
814 3062 911 3142 raptu
932 3055 987 3120 illo
1009 3055 1142 3140 virginis
1164 3052 1257 3118 deae:
1277 3070 1394 3137 ,prope

322 3209 370 3270 est
405 3205 557 3290 spelunea
590 3204 763 3292 quaedam,
798 3225 950 3270 conversa
983 3203 1024 3269 ad
1046 3203 1247 3289 aquilonem,
1269 3197 1398 3296 infinita·

323 3351 510 3438 altitudine,
545 3373 609 3438 qua
643 3352 752 3418 Ditem
773 3359 898 3439 patrem
923 3355 1030 3419 ferunt
1052 3356 1183 3440 repente
1204 3370 1277 3415 oum
1300 3365 1396 3411 curru

324 3502 487 3567 exstitisse
510 3501 741 3587 abreptamque
764 3523 805 3567 ex
829 3523 865 3568 eo
889 3504 957 3568 loeo
980 3501 1138 3588 virginem
1161 3518 1267 3564 seeum
1289 3515 1397 3582 aspor-

324 3654 428 3734 tasse,
462 3656 494 3714 et
528 3649 634 3715 subito
667 3671 731 3715 non
764 3652 858 3736 longe
893 3673 912 3716 a
942 3650 1109 3738 Syracusis
1132 3653 1314 3735 penetrasse
1337 3641 1397 3709 snb

327 3804 429 3864 terras
452 3799 621 3887 lacumque
646 3801 680 3864 in
703 3821 739 3865 eo
761 3801 829 3865 loeo
852 3806 983 3886 repente
1007 3801 1188 3867 exstitisse”
1212 3818 1239 3863 e.
1263 3818 1294 3881 q.
1317 3816 1342 3858 s.
