3342 5140
800 620 838 681 ol

291 848 355 912 dat.
393 886 435 894 —
471 847 704 930 Nicomachus,
739 846 789 910 oui
825 845 934 910 statim
968 844 1052 910 infra
1085 816 1225 909 summas
1249 845 1359 910 laudes

290 996 403 1060 tribuit
438 995 544 1079 Plut.‚
578 997 680 1082 pictor
714 993 894 1059 Alexandri
931 995 1091 1079 aequalis,
1131 999 1225 1058 notus
1247 1000 1294 1058 est
1317 1015 1359 1058 ex

292 1145 453 1210 Ciceronis
477 1145 579 1209 Bruto
603 1146 620 1227 ξ
644 1147 702 1227 70,
725 1143 781 1207 ubi
793 1142 997 1227 coniungitur
1009 1163 1082 1206 eum
1095 1142 1210 1227 Apelle
1221 1142 1358 1207 duobus·

290 1315 352 1380 que
387 1295 475 1378 aliis,
510 1295 543 1358 in
573 1293 689 1380 quibus
712 1294 776 1356 iam
800 1292 942 1378 perfecta
965 1297 1069 1365 emant
1093 1292 1208 1356 omnia.
1232 1292 1357 1356 Veloci·
1460 1281 1464 1286 ’

290 1451 390 1510 tatem
413 1445 445 1508 in
469 1451 538 1508 arte
561 1443 713 1529 pingendi
736 1443 765 1506 ei
787 1442 901 1506 tribuit
925 1441 1050 1505 Plinius
1073 1442 1117 1505 l.l.

333 1741 487 1816 πολλάκις
511 1740 572 1825 ἔφη
597 1751 641 1832 τῷ
663 1741 727 1834 θεῷ
749 1747 839 1822 χάριν
863 1740 965 1826 ἔχειν,
989 1737 1034 1808 ίτι
1059 1741 1356 1824 βουλίμενοςσῶσαι

250 1978 253 1982 ,
291 1890 437 1955 Σικελίαν
474 1888 677 1972 ἐτερροίψατο
711 1890 890 1976 τὴναὺτοίι
913 1890 1125 1970 τροσννορίαν.
1148 1891 1237 1957 Idem
1260 1893 1356 1979 paulo

283 2042 353 2104 aliis
376 2040 482 2106 verbis
505 2041 727 2126 complectitur
751 2039 859 2126 Nepos
883 2039 961 2126 Oap.
986 2039 1054 2124 IV,
1079 2043 1096 2124 ξ
1150 2065 1156 2105 :
1185 2042 1293 2123 „sein
1317 2061 1354 2106 ea

282 2211 317 2254 re
349 2189 490 2254 maxime
525 2188 584 2252 diis
614 2209 710 2273 agere
733 2189 854 2274 gratias
877 2194 974 2274 atque
996 2189 1132 2272 habere,
1156 2190 1258 2276 quod,
1281 2213 1353 2256 oum

242 2368 245 2373 ·
282 2339 423 2418 Siciliam
445 2359 588 2404 recreare
611 2339 868 2422 constituissent,
892 2345 962 2403 tum
983 2361 1017 2404 se
1028 2341 1228 2426 potissimum
1241 2341 1353 2407 ducem

281 2506 349 2550 esse
373 2487 557 2552 voluissent.
582 2485 674 2550 Nihil
698 2487 783 2551 enim
795 2507 903 2552 rerum
915 2487 1129 2554 humanarum
1143 2490 1210 2554 sine
1222 2490 1353 2556 deorum

282 2635 413 2699 numine
436 2635 504 2720 geri
527 2633 696 2721 putabat.’'

328 2931 379 2994 ε’νιὶ
416 2930 446 2994 δὲ
482 2937 537 3012 τῆς
570 2931 667 3006 οίκίας
698 2932 773 3012 ἱερὸν
797 2933 990 3014 ἱδρυσάμενος
1013 2933 1218 3013 Αὐτοματίας
1241 2936 1352 3021 ἔθυεν,

286 3081 383 3162 αὐτὴν
416 3079 447 3143 δὲ
475 3083 530 3160 τὴν
553 3079 649 3146 οἰκίαν
673 3081 740 3174 ἱερῷ
763 3081 881 3161 δαίμονι
905 3083 1099 3164 καθιέρωσεν.
1124 3085 1258 3152 Duobus
1282 3089 1353 3153 aliis
1418 3167 1423 3178 ι

281 3231 357 3295 loeis
391 3231 598 3296 inveniuntur
612 3230 704 3296 haee
727 3253 778 3318 ap.
802 3231 910 3316 Plut,
934 3228 1028 3320 Reip.
1051 3257 1117 3320 ger.
1141 3257 1244 3322 praee.
1272 3236 1350 3323 Gap.

281 3379 365 3464 XX,
393 3382 410 3444 7
424 3403 430 3468 ;
456 3383 614 3457 Τιμολέων
628 3431 636 3464 ‚
660 3380 673 3443 ὁ
695 3380 754 3452 τοὶς
768 3382 797 3443 ἐν
811 3382 940 3466 Σικελία
954 3389 1140 3460 καταδείσας
1153 3386 1348 3466 τυραννίδας,

283 3529 489 3608 Αὐτοματίας
524 3531 600 3610 ίερόν
625 3529 786 3615 ίδριίσατο,
810 3537 842 3596 et
865 3531 915 3596 De
942 3555 976 3598 se
997 3533 1056 3620 ipa.
1080 3536 1150 3600 eitr.
1175 3536 1239 3601 inv.
1263 3536 1347 3602 laud.

281 3679 359 3766 Oap.
386 3679 457 3745 XI:
481 3684 584 3756 καλῶς
606 3679 636 3744 δὲ
660 3679 836 3763 Τιμολέων,
859 3678 887 3744 ι’ν
911 3681 1121 3760 Συρακούσαις
1143 3683 1348 3762 Αὐτοματίας
1433 3711 1437 3715 “

278 3828 385 3908 βωμὸν
409 3827 605 3908 ἱδρυσάμενος
627 3828 679 3893 ἐντί
703 3835 774 3903 ταῖς
794 3828 942 3909 τροίξεσι,
967 3833 1020 3894 καί
1039 3831 1347 3914 τίρνοίκίανἈγαὸᾤ

278 3979 409 4057 δαίμονι·
434 3978 636 4060 καθιερώσας.
670 3979 778 4066 Nepos
813 3979 891 4066 Cap.
922 3979 972 4044 lv
996 3986 1086 4045 extr:
1115 3980 1249 4068 „Itaque
1270 4003 1347 4070 suae

277 4129 362 4194 domi
395 4131 546 4196 sacellum
570 4129 776 4194 Automatias
800 4129 1009 4194 constituerat
1031 4129 1127 4218 idque
1148 4132 1346 4198 sanctissimo

275 4281 430 4348 uolebat.”
465 4280 614 4346 Fortasse
638 4279 715 4346 haee
740 4278 799 4344 dea
824 4277 1011 4361 Αίιτοματία
1036 4279 1157 4370 aliquid
1179 4301 1345 4348 commune
