3342 5140
801 618 840 678 37

323 839 473 906 Ceterum
513 841 684 927 exponitur
718 839 809 904 nobis
844 837 903 903 hoo
937 839 1059 924 cupite,
1093 837 1249 924 quomodo
1283 845 1354 904 orta

278 989 413 1074 suspicio
442 988 525 1052 inter
548 987 719 1072 Magonem
742 991 774 1051 et
797 985 949 1050 Hicetam
973 987 1109 1051 creverit
1134 987 1353 1070 sermonibus,

277 1157 356 1222 quos
388 1137 471 1202 inter
504 1157 538 1201 se
571 1134 733 1214 habebant
767 1133 955 1200 mercenarii
993 1155 1035 1200 ex
1068 1141 1205 1222 utroque
1230 1135 1353 1202 Graeco

278 1284 439 1365 exercitu,
473 1303 530 1369 per
559 1282 659 1347 otium
695 1286 727 1346 et
759 1281 903 1346 inducias
937 1283 970 1346 in
993 1283 1158 1368 captandis
1182 1285 1354 1370 anguillis,

279 1453 362 1518 quae
383 1432 467 1497 circa
490 1427 603 1526 urbem
626 1430 714 1494 nasci
736 1428 905 1513 dicuntur,
929 1431 1085 1516 occupati.
1099 1427 1353 1516 Exprobrabant

279 1579 436 1644 Corinthii
472 1578 609 1644 Hicetae
642 1577 816 1661 militibus,
852 1577 936 1664 quod
961 1578 1105 1644 barbaris
1128 1578 1169 1644 ad
1193 1577 1352 1644 Graecam

277 1728 439 1813 regionem
473 1725 681 1812 subigendam
715 1747 845 1812 oporam
876 1747 967 1790 suam
989 1725 1235 1792 commodarent.
1258 1726 1353 1792 Haec

278 1875 333 1939 ubi
355 1875 389 1939 in
412 1875 525 1938 castris
547 1873 833 1961 percrebruerunt,
857 1873 953 1960 Mago
976 1873 1186 1959 proditionem
1206 1879 1354 1941 metuens

277 2023 429 2108 neglectis
454 2022 589 2087 Hicetae
613 2019 760 2107 precibus
785 2021 895 2086 statim
920 2022 1014 2086 solvit
1038 2043 1080 2086 ex
1101 2027 1196 2108 portu
1209 2027 1240 2087 'et
1253 2023 1360 2088 omni·

275 2169 335 2235 bus
369 2171 466 2257 copiis
499 2171 533 2234 in
567 2171 712 2236 Africam
746 2169 900 2236 discessit.
935 2169 975 2234 In
1006 2169 1067 2235 hoc
1097 2192 1161 2236 non
1194 2173 1353 2237 consentit

277 2317 435 2384 Diodorus
480 2318 558 2406 (lap.
594 2322 653 2402 69,
688 2322 708 2384 5
741 2319 899 2384 scribens:
935 2313 973 2382 ὦν
1008 2317 1216 2398 πραχθέντων
1251 2321 1286 2404 (i.
1322 2292 1366 2387 e..

279 2465 516 2532 Corinthiorum
550 2466 699 2532 subsidiis
732 2489 753 2532 a
786 2467 985 2533 Timoleonte
1015 2469 1167 2555 acceptis)
1191 2467 1352 2546 Τιμολέων
1415 2517 1416 2520 ¹

276 2614 332 2692 μὲν
366 2612 548 2698 ἐθάρρησεν,
582 2614 608 2678 οἱ
642 2613 672 2678 δὲ
696 2613 897 2694 Καρχηδόνιοι
921 2614 1122 2698 Φοβηθέντες
1146 2615 1352 2682 άπὲιιλενοοιν

276 2764 310 2828 εἰι
334 2769 386 2829 τοῦ
407 2762 530 2841 λιμένος
551 2762 694 2848 άλόνιος,
720 2763 774 2828 axi
797 2762 883 2841 μετά
906 2761 1010 2839 ιιάοη,1
1033 2769 1089 2845 τῆς
1112 2764 1267 2843 δυνάμεως
1290 2767 1349 2838 εἰς

276 2917 343 2992 τὴν
378 2912 484 2977 llice
508 2910 780 2992 ἐπικράτειαν
805 2910 1054 2991 ἀπηλλάγησαν.
1080 2913 1214 2982 Oonstat
1237 2916 1348 3002 Mago·

277 3083 349 3127 nem
381 3062 514 3163 infamia
548 3067 694 3126 notatum
728 3083 805 3148 prae
828 3063 1048 3150 desperatione
1070 3085 1104 3130 se
1125 3064 1231 3151 ipsum
1253 3065 1350 3131 inter·

243 3193 251 3206 ’
278 3211 403 3294 fecisse,
438 3233 577 3297 namque
600 3211 694 3297 (Cap.
718 3210 838 3296 XXII)
862 3213 998 3277 nuncius
1020 3213 1109 3278 venit
1132 3213 1165 3276 in
1189 3213 1349 3298 Siciliam,

278 3357 346 3434 τοὺς
377 3358 599 3439 Κιιρχηδονίονς
629 3361 682 3423 τοῦ
706 3358 763 3436 μὲν
786 3356 942 3436 Μάρωνος
966 3358 1074 3424 ἑαυτὸν
1096 3359 1258 3434 άνελόντος
1277 3363 1348 3424 άνε-

277 3506 479 3588 οτανροικένοοι
501 3508 537 3570 τὸ
560 3509 654 3584 οῶμοι
679 3505 731 3570 ott
753 3511 808 3586 τὴν
832 3508 1024 3585 στριιτηγίοιν
1048 3507 1254 3586 ὀργισθέντος
1279 3509 1348 3575 uri.

681 3803 794 3868 OAP.
819 3803 955 3870 XXII.

319 4100 479 4176 γενόμενος
515 4099 546 4164 δὲ
579 4105 635 4180 τῆς
669 4103 766 4179 ἄκροις
801 4097 900 4179 κύριος
922 4099 976 4164 οὐκ
1000 4100 1107 4168 iacis
1134 4102 1225 4168 Δάιονι
1248 4106 1345 4174 cairi

278 4247 386 4324 πάθος.
423 4251 556 4335 Legitur
589 4251 622 4314 in
656 4251 723 4334 vita
756 4250 868 4315 Dionis
903 4251 981 4338 (lap.
1018 4253 1119 4319 LIII:
1156 4256 1345 4326 Heraclides
