3342 5140
804 661 820 721 7

274 885 383 972 Nepos
416 887 477 952 l.l.:
517 887 607 969 „Hac
640 891 747 952 mente
780 907 835 974 per
858 887 1060 972 haruspicem
1082 902 1345 968 communemque

274 1038 419 1122 affinem,
443 1038 495 1103 cui
518 1059 605 1103 soror
628 1059 669 1102 ex
691 1037 810 1102 eisdem
833 1036 1020 1124 parentibus
1042 1040 1120 1100 nata
1141 1037 1243 1120 nupta
1256 1034 1345 1113 erat,

199 1179 201 1183 ’
275 1187 406 1251 fratrem
431 1191 605 1272 tyrannum
627 1185 883 1251 interficiendum
905 1185 1061 1250 curavit.’‘

319 1332 465 1399 Eandem
486 1354 571 1418 rem,
593 1332 648 1399 sed
671 1333 758 1398 haud
778 1333 845 1399 sine
858 1331 997 1418 quadam
1009 1326 1346 1418 discrepantia,nobis

276 1482 407 1568 exponit
429 1481 523 1546 Diod.
547 1481 626 1568 Cap.
651 1480 709 1564 65,
734 1485 754 1546 2
777 1503 836 1546 ss:
863 1478 932 1545 ἴδιον
955 1478 987 1544 δέ
1010 1502 1039 1543 τι
1063 1472 1269 1556 συνέβη-περὶ
1292 1473 1344 1539 τὸν

275 1625 370 1709 ἄνδρα
403 1634 593 1707 συμπεσεῖν,
629 1621 643 1693 ὃ
673 1626 864 1707 σοιελοὶβετο
889 1628 977 1720 αὐτῷ
1000 1629 1072 1709 πρὸς
1095 1631 1151 1708 τὴν
1173 1632 1228 1708 τῆς
1252 1648 1347 1707 στρα-

274 1776 388 1855 corias
423 1773 546 1858 αἵρεσιν.
581 1777 655 1844 Non
678 1785 904 1844 commemorat
927 1778 1086 1844 Diodorus
1111 1777 1345 1865 Timophanem

276 1928 384 1993 fratris
418 1949 477 2015 ope
511 1950 554 1994 ex
577 1928 717 1994 hostium
739 1928 887 1994 manibus
910 1935 1076 2016 ereptum,
1100 1927 1156 1993 scd
1178 1929 1257 1994 hacc
1280 1928 1347 1992 ait:

277 2076 514 2163 Timophanes,
548 2077 661 2164 opibus
697 2082 730 2143 et
752 2077 858 2144 animo
880 2077 964 2143 inter
989 2076 1171 2142 Corinthios
1193 2075 1347 2162 insignis,

276 2226 341 2291 iam
363 2225 483 2291 dudum
499 2225 673 2292 'manifesto
694 2247 830 2312 regnum
851 2225 1042 2313 appetebat,
1061 2230 1234 2310 tumvero,
1248 2223 1346 2290 armis

278 2377 487 2461 comparatis,
518 2375 627 2462 egenis
649 2380 681 2440 et
704 2373 836 2461 perditis
859 2374 1040 2439 hominibus
1062 2375 1200 2460 stipatus
1222 2374 1256 2439 in
1280 2374 1348 2439 foro

278 2524 483 2609 versabatur,
505 2523 539 2589 οὐ
562 2521 814 2604 προσποιούμενος
836 2527 882 2588 ὅτι
905 2520 1050 2604 τύραννός
1073 2522 1157 2597 ἔστι,
1182 2522 1225 2587 πα
1248 2521 1348 2604 δὲτῆς

277 2671 448 2754 τυραννίδος
470 2670 547 2752 ἔργα
569 2670 839 2753 διαπραττόμενος.
864 2671 877 2737 ὁ
901 2671 932 2737 δὲ
954 2671 1113 2752 Τιμολέων
1136 2669 1347 2752 οὶλλοτριῶτα·

277 2845 328 2896 τος
352 2822 390 2886 ὢν
412 2821 585 2902 μοναρχίας
607 2821 641 2886 τὸ
665 2820 722 2899 μὲν
742 2825 860 2901 πρῶτον
885 2815 1037 2902 ἐπεχείρὲι
1059 2820 1179 2889 πείθειν
1194 2822 1245 2888 τὸν
1257 2821 1349 2888 αδελ-

277 2971 337 3053 otu
370 2970 543 3045 οὶποστῆναι
578 2977 633 3050 τῆς
667 2970 835 3053 ἐπιβολῆς,
872 2971 910 3044 ὡς
946 2970 972 3035 δ’
996 2969 1056 3052 οὐχ
1080 2970 1249 3047 ὑπήκουεν,
1274 2971 1349 3036 ἀλλ’

277 3117 327 3185 ἀεὶ
351 3121 552 3197 καὶμᾶλλον
574 3119 744 3186 ἐπετείνετο
767 3129 806 3203 τῇ
830 3124 953 3208 τόλμῃ,
975 3119 1132 3186 ἀδυνατῶν
1155 3121 1249 3186 αὑτὸν
1265 3119 1348 3204 λόγῳ

276 3265 503 3350 διορθώσασθαι
548 3273 778 3348 περιπατοῦντα
811 3272 895 3334 κατὰ
927 3269 981 3344 τὴν
1015 3268 1133 3350 αγορὰν
1164 3269 1347 3354 ἀπέσφαξε.

279 3419 404 3484 Siculus
427 3417 561 3503 scriptor
583 3417 682 3503 igitur
704 3419 809 3484 nullos
822 3419 926 3485 caedis
941 3419 1084 3486 conscios
1095 3419 1240 3486 nominat
1251 3426 1349 3508 atque

277 3569 383 3655 ipsum
420 3567 652 3633 Timoleontem
686 3589 744 3632 sua
777 3589 875 3634 manu
907 3567 1029 3634 facinus
1051 3573 1252 3655 perpetrasse
1274 3591 1347 3635 oon·

278 3717 391 3783 tendit.
426 3717 488 3783 Sed
510 3717 589 3783 hace
610 3718 792 3782 refutantur
814 3737 878 3782 non
901 3718 1004 3783 solum
1026 3717 1211 3804 Plutarchi,
1234 3740 1347 3786 verum

278 3867 375 3931 etiam
409 3864 543 3952 Nepotis
576 3865 693 3930 diserto
726 3865 925 3950 testimonio,
961 3865 1017 3952 qui
1051 3867 1095 3932 l.l.
1129 3867 1209 3934 hacc
1242 3867 1348 3966 addit:

282 4015 376 4100 „lpse
398 4035 462 4079 non
484 4014 577 4080 modo
601 4015 930 4100 manusnonattulit,
944 4015 1051 4082 sedne
1064 4016 1206 4103 aspicere
1219 4017 1349 4104 quidem
1393 4085 1398 4094 ,

278 4164 455 4228 fraternum
489 4164 677 4250 sanguinem
706 4165 818 4230 voluit.
842 4163 928 4230 Nam
951 4163 1028 4230 dum
1050 4187 1100 4231 res
1122 4165 1348 4252 conficeretur,
1430 4193 1436 4203 ·

279 4313 389 4398 procul
412 4313 446 4378 in
471 4313 628 4400 praesidio
652 4315 784 4398 init‚ne
796 4315 867 4402 quis
879 4317 1006 4382 satelles
1018 4323 1124 4404 posset
1136 4318 1351 4384 succurrorc.”
