3342 5140
860 643 898 703 12

342 857 552 944 imminentis,
576 883 672 948 quam
695 869 824 950 propter
846 865 975 930 insitam
999 868 1153 934 virtutem
1177 871 1305 957 egregie
1318 871 1413 936 rebus

344 1008 458 1074 Siculis
480 1013 671 1098 praefuisse3
693 1035 807 1100 nempe
829 1036 902 1080 eum
926 1015 1205 1102 Carthaginienses
1226 1018 1414 1105 bellosupe·

343 1180 449 1243 rasse,
473 1159 613 1226 Graecas
635 1162 728 1226 urbes
752 1185 771 1227 a
794 1162 937 1228 barbaris
960 1185 1086 1230 eversas
1100 1167 1297 1250 restituisse,
1312 1172 1411 1232 totam

314 1283 317 1291 ι
344 1308 485 1374 Siciliam
518 1332 559 1375 ex
593 1287 746 1377 seruitute
774 1313 806 1376 in
836 1313 1018 1378 libertatem
1046 1314 1224 1382 vindicasse
1255 1337 1293 1381 ac
1316 1318 1412 1402 vulgo

343 1435 499 1543 effecisse,
530 1467 566 1524 ut
591 1460 767 1547 Syracusae
790 1468 977 1549 ceteraeque
999 1464 1112 1548 urbes,
1136 1486 1215 1551 quas
1239 1464 1321 1530 bello
1343 1488 1414 1530 vas·

343 1615 427 1674 tatas
450 1615 481 1673 ct
504 1609 644 1676 desertas
666 1611 849 1694 invenerat,
872 1612 972 1698 ipsius
995 1634 1091 1700 opera
1114 1614 1280 1679 hominum
1304 1617 1411 1681 multi-

344 1759 454 1824 tudine
476 1759 686 1826 abundarent.

343 1937 344 1941 *
386 1910 504 1975 Utrum
538 1911 643 1998 potius
674 1931 843 1997 sequamur
867 1917 1050 1996 auctorem,
1074 1912 1168 1978 valde
1190 1912 1322 1978 dubium
1345 1935 1413 1978 csse

342 2081 405 2124 non
448 2065 562 2146 potest.
604 2061 763 2146 Equidem
801 2060 887 2126 haud
920 2061 1013 2126 facile
1047 2061 1194 2146 credam,
1231 2063 1413 2128 Corinthios

342 2209 512 2295 tyrannide
545 2209 695 2275 liberatos
719 2232 809 2296 eum,
829 2233 849 2275 a
870 2230 932 2297 quo
955 2212 1081 2278 liberati
1105 2218 1227 2290 essent,
1252 2214 1355 2300 primo
1378 2178 1428 2278 in⁴

342 2355 494 2421 iudicium
517 2377 662 2442 vocasse,
686 2359 798 2424 deinde
821 2361 933 2446 capitis
956 2367 1141 2426 accusatum
1165 2360 1327 2426 hominem
1352 2362 1409 2426 tali

341 2507 412 2591 lege
446 2527 519 2570 cum
552 2507 701 2571 mandato
732 2508 858 2593 publico
888 2510 929 2573 ad
963 2530 1055 2595 opem
1078 2509 1320 2595 consanguineis
1344 2511 1409 2575 suis

340 2654 502 2720 ferendam
524 2656 655 2722 misisse.
679 2655 845 2721 Plutarchi
867 2663 975 2722 autem
996 2659 1137 2723 narratio
1159 2665 1227 2724 tota
1249 2659 1310 2725 sibi
1335 2680 1407 2726 oon·

341 2805 422 2884 stat,
458 2808 489 2866 et
524 2802 644 2867 dictum
675 2803 858 2868 Teleclidis:
894 2801 931 2867 cla
955 2803 1012 2883 μὲν
1035 2805 1098 2885 γὰρ
1121 2810 1227 2881 καλῶς
1249 2807 1404 2894 ἀγωνίσῃ,

339 2951 480 3028 τύροοννον
513 2949 691 3035 ἀνῃρηκέναι
727 2947 852 3029 δόξομεν
882 2953 951 3037 (ubi
981 2976 1016 3016 οε
1046 2955 1237 3041 cogitatione
1260 2960 1407 3044 supplen-

339 3098 447 3182 dum),
481 3095 518 3162 dv
552 3097 582 3162 a
613 3104 763 3181 oudam,
800 3100 955 3184 ἀδελφόν,
983 3101 1155 3168 benevolae
1177 3103 1407 3170 adhortationis

277 3206 278 3210 Ἰ
338 3248 403 3312 vim
437 3247 551 3332 habet,
582 3271 646 3314 non
676 3249 784 3314 iudicii
807 3251 846 3314 de
868 3251 990 3314 consilii
1013 3252 1171 3316 sententia
1195 3254 1405 3339 pronunciati.

337 3398 424 3462 Fieri
457 3400 561 3484 potuit
591 3405 627 3462 ut
660 3399 754 3464 Diod.
779 3421 817 3464 ea
843 3401 942 3466 verba
964 3401 1050 3487 apud
1072 3403 1284 3488 antiquiorem
1308 3403 1405 3488 scrip·

336 3554 437 3613 torem
471 3549 554 3613 lecta
582 3549 686 3612 minus
715 3549 910 3615 intellexerit
940 3572 1045 3636 exque
1066 3551 1105 3614 iis
1127 3556 1231 3615 totum
1253 3551 1405 3616 iudicium

336 3718 430 3761 suum
460 3699 659 3762 confinxerit.
685 3736 726 3745 -
753 3698 787 3763 si
811 3705 991 3785 temporum
1014 3699 1260 3786 discrepantiam
1273 3704 1404 3786 specta·

335 3867 423 3929 mus,
452 3846 657 3912 recordemur
681 3846 871 3912 Corinthum
894 3854 971 3912 tunc
993 3869 1117 3914 summa
1140 3855 1274 3935 peccet
1297 3849 1404 3934 quiete

334 3997 470 4060 tructam
493 4015 561 4060 esse
581 3994 683 4078 (Plut.
708 3995 786 4082 Cap.
800 3996 871 4061 III:
884 3997 914 4060 ἕν
926 3998 1026 4082 εΐρήνῃ
1039 4000 1093 4061 act
1106 4006 1208 4080 σχολῇ
1221 3996 1404 4081 διάγοντες»

333 4165 397 4209 non
427 4144 477 4208 his
502 4144 698 4230 temporibus
720 4167 800 4232 opus
823 4151 908 4228 erat,
932 4152 968 4210 ut
991 4146 1148 4212 Corinthii
1171 4145 1404 4234 Timophanem

333 4293 477 4358 mercede
512 4294 674 4358 conductis
708 4296 862 4360 militibus
893 4303 1140 4382 praeponerent,
1171 4295 1318 4370 δεδιότες,
1356 4302 1428 4375 μὴ.
