3342 5140
800 679 841 740 55

277 928 353 971 nam
374 909 455 972 mari
479 907 588 970 Africo
613 911 842 990 mergerentur.
869 905 952 968 Item
974 909 1090 971 nunoio
1104 908 1202 972 eladis
1217 909 1352 973 Cartha-

279 1055 386 1141 ginem
417 1057 539 1142 perlato
562 1055 740 1140 desperatio
763 1053 904 1119 omnium
928 1054 1042 1118 animis
1073 1056 1219 1139 incessit,
1246 1057 1292 1120 ita
1315 1063 1351 1121 ut

280 1202 511 1268 Timoleontem
547 1205 655 1268 statim
686 1224 758 1269 oum
790 1203 935 1268 exercitu
959 1203 1168 1268 traiecturum
1192 1209 1223 1268 et
1247 1204 1363 1290 ipsam-

279 1351 391 1416 urbem
426 1373 652 1438 aggressurum
676 1357 836 1438 putarent.
862 1351 979 1416 Statim
1005 1351 1156 1437 (diagoni,
1181 1352 1351 1418 Hannonis

280 1503 361 1586 lilio,
392 1503 434 1568 ab
465 1504 561 1568 exilio
585 1510 732 1569 revocato
755 1523 914 1568 summam
938 1503 1014 1568 belli
1038 1502 1241 1587 detulerunt,
1264 1501 1349 1589 quod
1412 1575 1413 1582 ἵ

279 1653 399 1716 virtute
434 1657 466 1717 et
498 1653 545 1718 rei
577 1652 724 1716 militaris
747 1651 880 1716 seientia
904 1651 1050 1715 omnibus
1073 1657 1237 1738 praestaro
1259 1651 1350 1717 vide-

279 1798 384 1864 batur.
420 1799 487 1886 Ipsi
516 1799 634 1864 oivium
659 1821 789 1864 suorum
813 1798 996 1885 corporibus
1019 1821 1149 1886 parcere
1173 1805 1205 1865 et
1229 1821 1352 1865 meroe·

279 1949 384 2013 uarios
419 1949 629 2034 alienigenas,
666 1947 822 2033 imprimis
846 1946 1003 2031 Graecos,
1029 1947 1205 2012 eendueore
1228 1933 1366 2014 statue?

279 2102 371 2180 ruut;
406 2097 576 2182 sperabant
609 2097 673 2162 lore
695 2103 742 2188 ut
772 2097 866 2160 multi
897 2103 1026 2182 propter
1049 2095 1350 2184 magnum'stipen·

280 2245 367 2311 dium
390 2252 421 2310 et
444 2246 570 2310 divitias
596 2245 801 2330 Carthaginis
824 2245 954 2309 nomina
977 2245 1099 2310 darent.
1120 2245 1231 2310 Nihilo
1244 2247 1348 2310 seeius

279 2395 401 2479 legatos
428 2395 556 2460 idoneos
592 2397 625 2459 in
659 2395 800 2460 Siciliam
836 2395 1103 2478 transmiserunt,
1139 2396 1194 2480 qui
1231 2395 1348 2480 quibus

278 2543 401 2628 legibus
424 2545 533 2608 lieet-et
555 2565 667 2630 paoem
690 2545 950 2632 componerent.”

652 2840 766 2906 OAP.
797 2841 976 2906 XXXII.

323 3135 476 3217 Κορίνθιον
510 3145 656 3214 γυναῖκες
688 3136 817 3218 ἐξῆλθον
836 3137 945 3216 δόμων.
970 3139 1157 3206 Οοηνὶοἰιιῐῐι
1178 3141 1213 3204 in
1239 3139 1350 3205 Corin-

280 3290 362 3354 thios
395 3291 515 3354 iactum
546 3294 594 3354 est
628 3287 771 3374 parodia
788 3289 890 3374 petita
912 3311 954 3354 ex
977 3289 1141 3376 Euripidis
1165 3289 1279 3356 Medea
1301 3311 1348 3354 vs.

280 3441 359 3522 216,
395 3439 451 3502 ubi
485 3438 598 3503 Medea
620 3437 703 3502 foras
726 3459 854 3522 egressa
877 3437 1010 3503 ehorum
1036 3439 1229 3524 alloquitur,
1255 3460 1350 3504 voea-

278 3589 344 3654 tivo
366 3589 399 3652 in
422 3587 672 3670 nominativum,
698 3589 731 3651 la
753 3608 835 3673 pera.
852 3589 1024 3673 singularis
1037 3590 1157 3654 formae
1169 3589 1203 3654 in
1215 3590 1348 3655 tertiam

278 3739 359 3822 plur.
394 3739 535 3801 mutatis.
569 3737 632 3803 Vel
665 3737 724 3801 hoe
759 3737 800 3800 sit
834 3743 1046 3822 argumento,
1083 3744 1204 3822 quanto
1240 3737 1345 3802 studio

279 3886 458 3951 Sicilienses
504 3886 619 3950 Graeci
660 3886 770 3972 poesin
808 3885 1015 3972 Euripideam
1051 3887 1345 3972 ampleoterentur‚

277 4034 361 4118 quod
383 4035 480 4098 etiam
501 4032 629 4097 aliunde
652 4038 776 4098 eonstat
799 4039 831 4097 et
853 4004 1084 4120 pervulgatum
1110 4038 1177 4117 est3
1191 4033 1229 4097 ef.
1244 4033 1345 4098 uitam

276 4183 387 4248 Niciae
421 4183 499 4269 Oap.
533 4183 663 4247 XXIX.
697 4179 854 4245 Μνέλνντνν
887 4179 967 4266 γάρ,
989 4183 1027 4255 d,-
1050 4180 1143 4264 ἔοικε,
1168 4182 1213 4246 ait
1238 4179 1346 4264 Plut,

278 4337 337 4394 τῶν
373 4331 459 4404 ἐκτὸς
492 4329 648 4404 Ἐλλήνων
683 4327 842 4418 ἐπόθησαν
878 4330 970 4396 αὐτοῦ
1005 4335 1060 4411 τὴν
1084 4334 1202 4407 μοῦσαν
1226 4328 1252 4394 ol
1276 4331 1344 4408 aspi
