3342 5140
862 662 903 724 30

343 877 528 948 Ciceronem
565 882 659 950 Tuae.
697 883 735 948 L.
769 883 843 968 III,
881 883 959 971 Cap.
987 887 1043 949 12:
1072 883 1264 970 „Dionysius
1287 880 1415 967 quidem

342 1035 499 1116 tyrannus
541 1030 708 1118 Syracusis
743 1031 897 1119 expulsus
932 1031 1079 1097 Corinthi
1112 1051 1230 1118 pueros
1264 1027 1413 1094 docebat:

340 1199 441 1265 usque
463 1199 501 1244 eo
524 1179 656 1267 imperio
678 1199 786 1246 carere
808 1201 872 1246 non
896 1185 1022 1267 poterat
1032 1179 1063 1264 ;”
1088 1179 1163 1246 Vel.
1189 1177 1279 1244 Max.
1291 1177 1329 1242 L.
1342 1175 1411 1259 vl,

339 1329 382 1410 9,
417 1333 483 1392 ext.
508 1330 545 1393 6:
572 1327 765 1433 „Dionysius
787 1334 896 1394 autem
918 1365 962 1378 -
984 1334 1114 1416 propter
1136 1328 1276 1414 inopiam
1298 1327 1406 1391 literas

336 1478 485 1563 puerulos
509 1475 654 1543 Corinthi
676 1478 800 1562 docuit,
823 1479 997 1566 eodemque
1020 1485 1163 1566 tempore
1186 1482 1278 1544 tanta
1301 1481 1404 1541 muta-

336 1625 423 1690 tione
454 1625 589 1692 maiores
620 1633 717 1711 natu,
751 1577 792 1695 ne
827 1629 899 1714 quis
932 1627 1028 1693 nimis
1060 1627 1208 1692 fortunae
1242 1624 1404 1707 crederet,

335 1774 487 1859 magister
517 1771 585 1839 ludi
618 1775 721 1840 factrus
755 1796 797 1840 ex
830 1782 969 1862 tyranno
1004 1777 1160 1841 monuit.”
1197 1774 1311 1866 Iustin.
1341 1774 1403 1838 l.l.:

337 1921 537 2003 „Novissime
575 1923 643 1987 ludi
678 1924 867 2010 magistrum
902 1925 1063 2011 professus
1096 1947 1211 2013 pueros
1242 1926 1276 1989 iu
1309 1923 1404 1988 trivio

333 2089 484 2175 docebat,
517 2096 554 2156 ut
586 2098 643 2156 aut
677 2111 697 2156 a
728 2063 916 2158 timentibus
950 2111 1074 2180 semper
1108 2093 1141 2157 in
1163 2091 1291 2180 publico
1313 2090 1402 2156 vide-

331 2246 420 2304 retur
462 2245 519 2305 aut
565 2261 585 2304 a
620 2261 685 2304 nou
730 2240 918 2305 timentibus
952 2241 1075 2307 facilius
1108 2245 1363 2306 contemneretur
1371 2240 1402 2323 ;'’

329 2388 462 2454 Luciau.
499 2387 584 2454 Gall.
618 2392 677 2454 23:
712 2383 786 2454 ὅταν
821 2428 862 2437 -
898 2387 1052 2466 Δνννίννος
1087 2387 1320 2463 καταλυθείσης
1343 2393 1399 2467 τῆς

328 2537 499 2616 τυραννίδος
525 2539 554 2600 ἓν
579 2537 712 2618 Κορίνθῳ
735 2519 984 2620 apocopationis
1006 2535 1187 2616 βλίπνννιν,
1211 2534 1296 2616 μετὰ
1315 2548 1400 2610 rahr-

328 2690 444 2758 κνιίτνν
477 2685 579 2767 ἀρχὴν
613 2685 723 2751 παιδία
756 2686 959 2770 συλλαβίζειν
988 2685 1147 2753 δνδνίσκων.
1172 2669 1263 2754 dlios
1288 2684 1397 2751 laudat

328 2833 522 2920 Wesseling.
543 2834 584 2900 ad
607 2835 701 2901 Diod.
725 2835 764 2901 L.
780 2837 893 2922 XVI,
920 2819 998 2925 Cap.
1026 2839 1077 2903 70.

370 2981 432 3047 His
464 2982 659 3069 temporibus
692 2983 830 3050 arbitror
860 2985 1021 3051 nemiuem
1051 3005 1120 3050 esse
1144 2983 1222 3071 quin
1245 2981 1395 3048 concedat

313 3129 384 3195 ¹has
418 3150 486 3197 esse
520 3131 653 3197 fabellas
686 3133 728 3199 ab
762 3133 921 3199 historicis
949 3139 982 3199 et
1003 3131 1185 3199 rhetoribus
1207 3129 1340 3197 ornandi
1363 3135 1396 3195 et

319 3279 543 3366 'exaggerandi
578 3282 684 3348 studio
717 3283 878 3350 confictas.
912 3282 999 3348 Fieri
1026 3304 1090 3348 non
1112 3285 1236 3370 potest,
1259 3286 1296 3345 nt
1319 3279 1395 3344 Dio·

322 3430 433 3515 nysius
477 3427 623 3496 Corinthi
657 3433 691 3496 iu
726 3453 851 3498 summa
884 3434 1018 3520 penuria
1052 3439 1085 3498 et
1119 3436 1261 3519 egestate
1293 3431 1393 3496 vitam

321 3579 562 3664 consumpserit.
604 3579 760 3646 Videmus
802 3603 876 3646 eum
910 3582 995 3669 apud
1030 3582 1241 3648 Plutarchum
1275 3581 1393 3667 (capite

320 3728 480 3811 sequenti)
514 3729 676 3794 variorum
708 3729 873 3796 hominum
896 3732 1123 3798 consuetudine
1145 3731 1321 3814 fruentem3
1345 3729 1392 3793 vi-

321 3871 431 3938 demus
454 3895 527 3939 eum
550 3897 623 3940 cum
646 3898 724 3963 rege
744 3877 896 3966 Philippo
918 3879 952 3944 in
971 3879 1115 3946 convivio
1126 3878 1389 3944 discumbentem.

319 4019 388 4085 Pro·
406 4023 568 4108 superiore
590 4025 657 4089 vita
679 4027 768 4090 tenui
791 3991 919 4093 fortuna
943 4034 976 4094 et
998 4027 1129 4094 modicis
1152 4029 1250 4115 copiis
1262 4028 1390 4111 vixerit,

318 4169 374 4235 ilia
396 4175 505 4236 tomen
527 4193 591 4238 non
615 4173 732 4240 cadunt
754 4176 788 4240 in
811 4198 902 4262 eum,
925 4178 980 4264 qui
1005 4179 1089 4244 fame
1111 4183 1144 4243 et
1166 4179 1274 4264 iuopia
1296 4197 1389 4264 urge·

317 4323 383 4394 tur.
421 4318 558 4386 Credere
594 4322 667 4387 iicet
692 4323 830 4392 Diodoro
854 4333 886 4391 et
909 4326 1052 4413 Iustino,
1075 4334 1249 4416 tyranuum
1272 4325 1385 4410 ἔχοντα
