3342 5140
791 628 833 691 65

270 848 387 928 a'ycpcir
423 852 473 914 ἐισί
510 851 636 932 ζειίρννς
672 853 745 932 πρὸς
768 853 802 918 τὸ
826 851 958 934 θέατρον
983 855 1141 936 ε’τσρειίετν
1165 857 1228 925 uri.
1255 856 1338 943 Nep.

272 997 351 1086 Oap.
388 999 459 1084 IV,
494 1002 573 1084 §2z
601 1001 780 1084 „Veniebat
804 1008 913 1070 cutem
936 1005 969 1068 in
992 1005 1176 1089 theatrum,
1201 1027 1273 1070 oum
1297 1005 1343 1070 ibi
1410 985 1411 988 Ἴ

212 1226 213 1230 ¹
271 1147 442 1214 concilium
477 1150 587 1237 populi
620 1149 814 1236 haberetur,
838 1157 968 1238 propter
990 1153 1206 1220 valetudinem
1229 1161 1340 1221 vectus

272 1297 424 1362 iumentis
457 1298 591 1382 iunctis,
627 1305 724 1385 atque
746 1300 792 1364 ita
814 1299 853 1364 de
875 1300 1021 1367 vehiculo
1043 1322 1125 1386 quae
1148 1302 1339 1368 videbantur

272 1445 428 1511 dicebat.”

643 1747 757 1812 eAP.
791 1696 988 1816 XXXIX.

318 2040 479 2108 Describit
503 2043 696 2110 Plutarchus
719 2045 859 2110 edictum
885 2044 1158 2132 Syracusanorum
1181 2047 1215 2112 in
1238 2046 1345 2112 Timo·

274 2191 388 2256 leontis
433 2194 595 2279 exsequiis
627 2215 703 2262 voca
752 2195 917 2280 praeconis
959 2195 1215 2280 pronunciatum.
1249 2195 1349 2282 Apud

273 2338 366 2404 Diod.
401 2337 440 2406 L.
476 2339 582 2425 XVI,
619 2341 697 2428 Dap.
730 2345 772 2406 90
802 2341 915 2408 iisdem
937 2343 1003 2408 fare
1027 2343 1134 2408 verbis
1157 2364 1346 2430 expressum

272 2491 391 2576 legitur
426 2497 531 2557 totum
563 2490 724 2576 edictum,
758 2491 821 2556 nisi
857 2489 942 2577 quod
967 2489 1052 2578 apud
1074 2511 1165 2576 eum,
1189 2496 1224 2556 ut
1248 2511 1345 2578 supra

273 2640 428 2726 vidimus,
465 2647 557 2728 pater
581 2641 789 2706 Timoleontis
813 2638 1002 2718 Τιμαίνετος
1026 2638 1135 2724 audit,
1158 2660 1222 2704 non
1245 2643 1345 2718 Τιμό-

275 2787 378 2866 δημος.
419 2789 459 2854 In
494 2795 602 2856 nostro
639 2791 742 2888 capite
765 2788 916 2854 ‘edietum
946 2787 1057 2853 finitur
1079 2787 1129 2853 his
1152 2787 1275 2854 verbis:
1298 2791 1344 2854 ὅτι

274 2936 346 3014 τοὺς
379 2936 540 3020 τυράννους
575 2935 759 3013 καταλύσας
795 2939 849 3001 καί
873 2935 941 3012 τοὺς
967 2935 1144 3016 βαρβάρους
1167 2932 1346 3002 καταπολε-

275 3085 382 3165 μήσας
416 3086 469 3152 καί
504 3086 562 3160 τίις
596 3087 755 3166 μεγίστας
787 3089 851 3169 τῷν
872 3082 1057 3150 α’ναστνίτνιν
1083 3083 1201 3150 τίλενιν
1226 3085 1343 3161 οἰκίσας

275 3234 418 3301 dolicae
453 3236 524 3310 τεὺς
561 3236 669 3316 νόμους
692 3243 755 3312 τοῖς
780 3231 991 3310 Σικελιώταις.
1018 3233 1082 3300 Sed
1105 3235 1200 3300 Diod.
1225 3234 1343 3300 habet:

276 3388 330 3450 καί
353 3383 413 3460 τὰς
435 3386 592 3464 μεγίστας
615 3391 677 3451 τῶν
700 3384 884 3459 Ἑλλερνῶων
906 3379 1022 3450 τίνιειιν
1047 3383 1240 3468 νίνσικίσνιι,
1260 3383 1346 3474 quod

278 3531 414 3600 verbum
438 3533 524 3600 haud
547 3535 643 3621 paulo
666 3535 779 3600 melius
802 3531 1346 3599 sententiaeconveniremihivide·
1374 3523 1377 3530 ⁴

278 3688 331 3748 tur
367 3703 465 3770 quam
489 3683 574 3769 quod
595 3705 653 3770 pro
678 3681 870 3748 Plutarcheo
895 3681 990 3748 datur
1013 3679 1142 3761 νίκίζειν,
1167 3679 1241 3745 Non
1262 3681 1348 3746 enim

279 3831 418 3918 primum
457 3831 602 3898 coadidit
638 3831 803 3898 Timoleon
834 3831 929 3898 urbes
959 3831 1120 3896 ininsula
1143 3819 1271 3912 Sicilia,
1295 3828 1351 3896 sed

285 3979 450 4064 perpetuis
472 3979 565 4045 bellis
589 3978 711 4046 dirutas
734 3985 766 4046 et
787 3981 853 4046 solo
865 3985 1019 4066 aequatas
1031 3979 1172 4045 restituit
1184 3984 1215 4045 ct
1227 3979 1351 4045 iactau-

282 4127 379 4192 ravit.
406 4127 454 4193 ef.
481 4120 577 4216 supra
600 4134 754 4194 annotata
777 4127 817 4193 ad
840 4128 918 4214 Gap.
941 4126 1096 4211 XXXV,
1119 4127 1174 4192 ubi
1185 4149 1242 4214 pro
1253 4123 1353 4208 κατρί-

288 4299 378 4342 κισιιν
415 4281 635 4365 rescripsimus
671 4278 839 4364 ιίνςίιιισαν,
874 4281 969 4365 plane
1002 4279 1111 4344 eodem
1147 4299 1240 4342 sensu
1260 4283 1292 4343 et
1315 4277 1354 4344 de

1244 4430 1262 4495 d
