3342 5140
851 651 870 712 8

363 876 404 942 In
426 877 489 942 fine
511 874 606 942 huius
630 873 742 960 capitis
765 871 917 959 legimus,
941 869 1116 959 quomedo,
1134 873 1210 939 dnm
1235 872 1391 944 coniurati

319 1024 553 1113 Timophanem
585 1023 699 1110 gladiis
730 1022 976 1105 obtruncarent,
1001 1023 1102 1088 frater
1127 1024 1229 1107 capite
1251 1022 1392 1087 obvoluto

318 1173 429 1260 procul
451 1173 575 1239 steterit
586 1172 734 1238 lacrimas
746 1170 891 1236 fundens.
905 1170 1041 1256 Legitur
1053 1172 1087 1235 in
1099 1171 1169 1237 edd.
1182 1173 1391 1248 ονγααλνψὰ·

319 1342 426 1405 μενος,
448 1319 678 1386 demonstravit
701 1319 744 1385 V.
769 1318 817 1384 Ol.
838 1318 979 1386 Oobetus
991 1319 1084 1385 sclito
1098 1319 1275 1385 scribarum
1287 1339 1392 1384 errore

320 1473 461 1535 correcto
482 1468 547 1554 legi
569 1473 716 1554 oportere
739 1465 1034 1551 tractabiliorem,
1058 1467 1174 1532 collato
1197 1469 1266 1532 loco
1281 1467 1395 1532 invita

320 1615 459 1684 Othonis
483 1615 561 1702 Gap.
584 1615 652 1680 IX:
675 1614 758 1679 δοκεῖ
778 1653 819 1662 -
839 1613 951 1680 ’Όὲων
975 1651 1017 1662 -
1040 1612 1184 1677 σπεύδειν
1205 1613 1393 1696 ἐγκαλυψά-

321 1787 433 1850 μενος,
469 1759 568 1843 ὥσπερ
602 1762 665 1828 cirri
699 1768 848 1844 κρημνοῦ,
880 1765 1025 1868 μεθεῖναι
1049 1764 1091 1825 τὰ
1115 1761 1296 1841 πράγματα
1320 1764 1393 1843 πρὸς

322 1914 357 1980 τὸ
392 1915 556 1994 συντυχόν.
593 1911 702 1978 Paene
735 1932 971 1999 supervacuum
1007 1917 1056 1977 est
1092 1911 1274 1978 notissimos
1311 1913 1395 1978 locos

323 2060 474 2147 laudare,
499 2062 584 2128 unde
606 2044 784 2127 luculenter
806 2067 940 2148 apparet
962 2060 1058 2127 huius
1079 2062 1170 2127 verbi
1188 2061 1396 2148 significatio,

323 2212 424 2278 veluti
455 2211 489 2276 in
521 2209 749 2298 Aristophanis
781 2208 926 2274 Nubium
961 2209 1107 2276 exordio:
1142 2206 1219 2273 αλλ’
1243 2211 1272 2272 εἰ
1296 2207 1394 2282 δοκεῖ,

320 2357 483 2440 Ιῥέγκωμεν
509 2355 798 2442 ἐγκεκαλυμμένοις
823 2364 856 2423 et
879 2381 925 2423 vs.
951 2362 1031 2424 735:
1055 2357 1109 2423 οὐκ
1135 2359 1395 2438 ἐγκαλυψάμενος

324 2505 448 2589 ταχέως
472 2529 502 2571 ον
526 2510 695 2592 φροντιεῖς,
719 2511 752 2572 et
775 2505 897 2572 Avium
920 2528 967 2572 vs.
994 2505 1397 2591 1496τίοοὺγκαλν,αμον’ς;

324 2676 367 2723 cx
389 2654 610 2722 emendatione
631 2655 780 2722 Dawesii.
806 2653 855 2720 Of.
879 2675 1006 2742 quoque
1028 2657 1063 2722 in
1085 2657 1154 2722 rita
1175 2653 1302 2722 Numae
1318 2655 1397 2742 (lap.

326 2802 415 2868 VII:
450 2804 513 2866 τῶν
545 2807 684 2881 μάντεων
722 2802 736 2868 ὃ
771 2799 931 2883 πρωτεύων
965 2803 1016 2870 τὸν
1050 2805 1108 2884 μὲν
1131 2805 1175 2880 εἷς
1197 2803 1398 2885 μεσημβρίαν

326 2947 445 3030 τρέψας
480 2949 773 3037 ἐγκεκαλυμμένον,
808 2951 847 3018 de
881 2952 991 3018 eadem
1014 2974 1049 3018 re
1073 2975 1124 3040 ap.
1148 2953 1278 3020 Livium
1301 2952 1339 3018 L.
1364 2950 1399 3036 Ι,

328 3099 407 3188 Gap.
444 3103 484 3167 18
518 3101 670 3188 legimus:
708 3122 830 3188 „augur
852 3101 894 3167 ad
918 3103 1045 3168 laevam
1075 3102 1143 3168 eius
1165 3102 1270 3189 capite
1295 3102 1401 3168 velato

328 3248 436 3316 sedem
469 3250 593 3336 cepit”;
626 3255 659 3316 ct
692 3250 793 3316 vitam
822 3249 1049 3316 Demosthenis
1073 3250 1152 3336 Gap.
1175 3249 1246 3316 VII
1267 3249 1308 3315 ab
1330 3251 1400 3315 init.

328 3402 361 3464 et
386 3396 464 3485 (lap.
489 3397 609 3464 XXIX
630 3398 664 3463 in
685 3399 868 3465 narratione
888 3400 1000 3466 mertis
1022 3399 1155 3465 oratoris
1174 3398 1325 3466 ininsula
1338 3398 1400 3464 Oa·

328 3545 449 3631 lauria3
481 3545 651 3634 utrobique
684 3546 876 3614 Sintenisius
914 3547 1028 3614 vitiose
1057 3544 1315 3630 carucatarum,
1339 3547 1400 3613 etsi

332 3693 410 3782 Oap.
434 3692 554 3759 XXIX
577 3695 771 3760 eontrarium
793 3695 911 3781 legitur
933 3693 1171 3775 ἐξεκαλύψατο.

734 3990 738 3997 ’
780 3989 893 4057 ΟΑΡ.
918 3990 960 4057 V.
1072 4080 1075 4084 Δ

377 4285 490 4356 Obiter
510 4309 695 4357 moneamus
716 4289 750 4358 in
774 4289 870 4357 verbo
888 4267 1090 4374 ποοεοίμκοε,
1103 4289 1300 4358 initiohuius
1312 4309 1400 4375 cap.‚
