3342 5140
787 643 823 705 11

270 861 360 940 μίνου
394 869 448 928 act
474 868 536 928 τῶν
559 868 693 930 πολιτῶν
716 867 944 945 συνδρυμίντων
980 867 1030 933 aa
1054 893 1088 932 τε
1111 869 1146 934 τὸ
1171 867 1337 949 στοιροίδοξον

271 1017 324 1078 καί
350 1017 405 1094 τὴν
434 1013 594 1087 δεινότητοι
618 1021 673 1096 τῆς
694 1014 832 1094 πράξεως
855 1013 966 1091 στοίσις
990 1015 1123 1094 ἐγένετο.
1148 1019 1173 1084 ci
1198 1018 1254 1096 μὲν
1278 1017 1340 1098 γὰρ

250 1160 396 1244 ,ἔφεσιν
429 1163 491 1228 δεῖν
512 1165 550 1238 a·
573 1167 723 1246 speruus
745 1169 836 1247 φόνον
860 1169 1048 1246 τετρηχότα
1071 1167 1124 1230 τὸν
1147 1165 1343 1244 Τιμολέοντα

270 1311 442 1393 τυχχοίνειν
475 1321 531 1390 τῆς
567 1315 600 1378 εἰι
632 1319 694 1378 τῶν
729 1311 826 1392 νίροινν
860 1314 1025 1395 τιμονρίοις,
1059 1317 1085 1382 οί
1116 1315 1147 1381 δὲ
1170 1315 1342 1382 σοιἰνοοντίον

271 1461 478 1543 ἀσεφοιίνοντο
511 1465 645 1530 ε’ντοιινεῖν
680 1466 732 1527 τὸν
766 1460 858 1544 οίνδροι
895 1465 934 1539 ὥς
968 1468 1209 1545 τυραννοκτόνον.
1232 1471 1287 1540 τῆς
1312 1465 1343 1530 δὲ

272 1614 430 1692 γερουσίοος
463 1612 690 1694 συνεδρευοιίσης
725 1614 755 1678 ἐν
789 1622 834 1706 τῷ
862 1613 1088 1698 βουλευτηρίῳ,
1112 1617 1166 1678 act
1194 1620 1249 1695 τῆς
1273 1619 1341 1695 crept

272 1761 326 1834 την
351 1759 461 1840 ττρῖιξιν
485 1761 755 1844 ἀμφισβητήσεως
781 1766 832 1828 εἰσί
845 1767 882 1829 τὸ
894 1763 1039 1844 συνέδριον
1052 1764 1320 1848 οίνοιιτεροφὲείση,1
1333 1816 1342 1851 ‚

274 1910 298 1974 οἱ
323 1911 379 1987 μὲν
401 1909 508 1993 ἐχθροὶ
533 1921 585 1977 τοῦ
607 1912 811 1991 Τιμολέοντος
834 1920 1039 2000 κοιτηχόρουν,
1062 1915 1090 1980 οἱ
1112 1913 1142 1978 δὲ
1153 1913 1343 1995 χαριέστεροι

273 2065 505 2141 συνηγοροῦντες
540 2063 758 2142 συνεβούλευον
782 2064 884 2145 σώζειν
907 2066 959 2127 τὸν
980 2063 1086 2144 ἄνδριο.
1110 2065 1242 2150 Ignorat
1265 2064 1344 2128 haec

274 2183 487 2296 Plutarchus3
522 2214 577 2278 scd
611 2220 721 2300 aperte
755 2237 827 2280 cum
860 2215 928 2280 eius
961 2213 1165 2303 chronologia
1199 2217 1346 2299 pugnant

278 2362 804 2448 quaesequunturap.Di0d.§7:
828 2361 993 2441 circitor
1015 2359 1109 2425 δ’ἔτι
1133 2367 1202 2442 τῆς
1226 2359 1346 2440 ζητη-

277 2535 373 2586 σευς
396 2510 514 2585 οὔσης
540 2509 758 2576 κατέπλευσαν
783 2514 816 2575 ἐκ
839 2515 900 2574 τῶν
924 2515 1125 2591 Συροικουσὼν
1144 2509 1170 2575 ci
1183 2509 1346 2593 πρέσβεις,

276 2664 330 2725 κοιί
353 2669 391 2742 τῇ
415 2660 559 2744 γερουσίᾳ
578 2661 645 2753 τοὶςΙ
658 2661 785 2738 ἐντολίις
809 2661 1000 2736 δηλώσαντες
1013 2660 1111 2738 ἠξίουν
1122 2663 1178 2742 τὴν
1190 2659 1346 2740 ταχίστην

275 2811 462 2876 aracaeum
507 2813 561 2874 τὸν
604 2807 790 2891 στροιτηχίν.
838 2813 984 2898 Apparet
1029 2812 1128 2896 igitur
1171 2807 1347 2875 Diodorum

278 2982 467 3047 persuasum
490 2962 550 3026 sibi
572 2962 713 3046 habere⁷
737 2963 828 3048 quasi
850 2960 962 3026 caedes
985 2959 1193 3046 Timophanis
1215 2964 1271 3023 aut
1284 2965 1347 3022 sta-

278 3110 337 3174 tim
360 3115 416 3174 aut
446 3109 535 3175 brevi
557 3116 632 3176 ante
653 3113 832 3196 legatorum
853 3109 1026 3175 adventum
1048 3114 1177 3195 patrata
1199 3109 1251 3192 sit,
1275 3128 1347 3173 cum

267 3258 471 3323 Plutarchus
505 3261 644 3346 spatium
667 3260 781 3344 viginti
804 3258 869 3323 fere
895 3279 1052 3326 annorum
1073 3258 1156 3322 inter
1179 3262 1348 3342 utramque

277 3427 345 3470 rem
377 3407 591 3472 intercessisse
626 3407 747 3472 doceat.
782 3406 959 3490 Diodorus,
994 3413 1030 3472 ut
1061 3407 1216 3490 vidimus,
1242 3406 1352 3470 Timo·

278 3555 416 3619 leontem
449 3555 489 3620 ob
521 3556 629 3620 fratris
659 3555 787 3623 caedem
816 3557 849 3620 in
878 3555 1031 3620 iudicium
1062 3556 1175 3641 capitis
1199 3558 1347 3620 vocatum

279 3723 348 3766 csse
381 3701 473 3786 dicit,
508 3709 605 3790 atque
635 3705 733 3769 etiam
766 3705 800 3768 in
830 3704 1035 3790 sequentibus
1070 3705 1176 3788 addit,
1201 3710 1348 3770 senatum

278 3851 325 3916 illi
347 3852 420 3928 duci
443 3852 483 3918 ad
505 3852 624 3918 bellum
648 3853 791 3918 Siculum
816 3859 923 3919 creato
945 3853 1028 3918 hanc
1052 3851 1269 3921 condicionem
1290 3874 1349 3940 po·

279 4002 395 4085 fluisse,
428 4007 464 4066 ut
487 4007 543 4066 aut
565 4022 730 4088 percussor
752 4001 882 4088 tyranni
904 4000 1107 4074 iudicaretur,
1122 4007 1178 4066 aut
1203 4000 1349 4066 condem·

278 4156 411 4219 naretur
432 4151 610 4237 parricidii,
634 4157 728 4237 prout
751 4173 785 4216 se
807 4151 840 4214 in
862 4149 995 4236 imperio
1017 4155 1073 4214 aut
1096 4149 1177 4215 bene
1199 4156 1255 4216 aut
1275 4171 1351 4215 ava-

281 4301 347 4364 rius
380 4303 538 4384 gessisset.
573 4298 635 4364 Sed
665 4300 896 4365 Timoleontem
930 4320 994 4364 nou
1018 4303 1084 4364 tam
1107 4304 1195 4363 metu
1219 4299 1352 4388 periculi
