3342 5140
830 587 871 648 22

317 809 371 877 00
396 809 563 876 accessisse
585 809 679 893 vult).
703 808 819 876 Cetera
841 815 877 875 ut
899 831 951 897 ap.
975 809 1080 876 Plut.:
1108 809 1229 894 „Nocte
1255 807 1386 874 cadente

315 960 475 1046 profectus
498 959 611 1043 (habos
634 958 865 1025 Plutaroheum
886 965 942 1034 τῆς
967 955 1083 1039 ἡμέρας
1102 955 1386 1040 καταφερομένης,

312 1105 398 1193 quod
419 1105 506 1172 Plut.
529 1107 615 1194 apud
637 1107 804 1174 Timaeum
826 1109 878 1174 vel
900 1109 1082 1195 quicunqne
1105 1108 1240 1194 scriptor
1267 1106 1383 1172 horum

314 1274 422 1320 rarum
452 1254 573 1321 fontem
594 1257 807 1343 suppleverit,
830 1256 891 1322 sibi
913 1258 1032 1330 lectum
1055 1257 1089 1320 in
1110 1256 1212 1342 magis
1237 1263 1387 1322 accurate

313 1403 496 1489 narratione
527 1404 661 1470 fortasse
694 1405 812 1470 rectius
844 1404 885 1471 ad
918 1405 1093 1472 secundum
1129 1403 1213 1470 diem
1246 1405 1386 1488 rettulit)

315 1557 441 1639 postero
474 1550 526 1617 die
557 1551 598 1617 ad
628 1553 796 1620 Adranum
818 1555 982 1642 parvenit3
1005 1509 1141 1620 Hicetas
1165 1505 1272 1640 copias
1294 1574 1386 1620 neeo-

315 1699 425 1786 pinato
446 1721 616 1786 aggressus
638 1707 743 1767 castra
764 1702 882 1768 invasit
903 1703 1024 1790 acplus
1038 1701 1121 1770 000
1140 1701 1270 1786 occisis,
1284 1701 1387 1788 captis

315 1847 440 1914 circiter
463 1848 522 1914 Dc
545 1850 658 1914 eastris
680 1850 800 1936 potitus
824 1849 904 1916 est.'’

358 1997 506 2065 Breviter
528 1998 780 2085 perstringamus
802 1999 917 2064 miram
939 1999 1185 2086 discrepantiam
1207 1998 1292 2064 inter
1310 1997 1387 2062 Dio·

316 2146 429 2213 dorum
463 2152 495 2212 et
528 2145 740 2212 Plutarchum
764 2146 797 2210 in
819 2147 1001 2213 narratione
1024 2168 1134 2214 earum
1158 2167 1282 2230 rerum,
1306 2167 1388 2234 quae

317 2294 400 2361 hanc
429 2316 571 2383 pugnam
593 2301 720 2362 secutae
744 2302 828 2362 sunt.
851 2295 926 2362 Non
947 2302 996 2362 est
1018 2297 1081 2362 mei
1103 2296 1274 2384 propositi,
1287 2301 1388 2361 totam

317 2444 535 2531 quaestionem
569 2450 761 2530 retractare,
795 2444 880 2532 quod
911 2445 974 2510 nisi
1009 2444 1152 2530 longiore
1174 2443 1389 2530 disputatione

317 2591 399 2659 inita
432 2597 464 2659 et
494 2593 641 2659 omnibus
671 2594 850 2660 rationibus
874 2568 1022 2661 accurate
1044 2593 1208 2681 perpensis
1232 2593 1301 2658 ficri
1325 2613 1389 2658 non

224 2773 226 2776 ·
319 2745 442 2827 potest;
475 2741 553 2806 satis
583 2742 687 2810 habeo
717 2743 808 2832 sequi
832 2744 1023 2810 sententiam
1046 2764 1174 2826 corum,
1197 2742 1252 2829 qui
1275 2741 1389 2808 doctis·

319 2888 399 2955 simo
420 2893 452 2956 et
474 2889 656 2958 acutissime
677 2891 719 2958 de
740 2892 801 2958 hac
824 2913 859 2958 re
882 2892 1146 2980 disputaverunt,
1169 2891 1326 2978 imprimis
1348 2889 1389 2955 G.

319 3037 424 3104 Grotii
448 3039 482 3104 in
504 3038 649 3105 Historia
671 3039 796 3106 Graeca
818 3041 906 3126 (Vol.
929 3039 1000 3125 XI,
1020 3038 1388 3128 Gap.185)etArnoldtii

318 3187 353 3252 in
376 3187 455 3254 Vita
477 3186 694 3254 Timoleontis.
719 3188 831 3254 Totius
843 3189 890 3254 rei
901 3209 1026 3254 summa
1036 3187 1100 3254 huc
1112 3187 1194 3256 redit
1207 3211 1214 3254 ε
1229 3187 1390 3254 Diodorus

319 3335 427 3402 omnia
454 3336 567 3402 leviter
595 3341 723 3402 tantum
746 3337 908 3424 attingens
931 3337 1163 3404 Timoleontem
1186 3310 1296 3404 statim
1318 3342 1390 3426 post

318 3485 475 3572 proelium
505 3485 625 3552 factum
655 3485 753 3552 citato
774 3486 889 3554 itinere
912 3485 1088 3576 Syracusas
1110 3485 1309 3554 contendisse
1333 3486 1389 3552 cit.

319 3631 417 3698 Diod.
449 3632 528 3720 Gap.
564 3636 626 3719 68,
660 3635 760 3720 §112
784 3632 882 3718 τούτῳ
905 3632 936 3700 δὲ
958 3633 1000 3715 τῷ
1024 3634 1268 3716 στρατηγήματι
1291 3627 1391 3736 ἕτερον

319 3779 494 3859 ἐπεισάγων
533 3789 734 3864 παραχρῆμα
774 3783 826 3848 ἐπὶ
867 3781 927 3858 τὰς
964 3781 1166 3864 Συρακούσας
1200 3781 1391 3866 ύφύρμκσε,

317 3925 373 3994 καὶ
414 3926 557 4008 δρομαῖος
589 3933 646 4011 τὴν
678 3927 742 3995 tatu
774 3926 920 4006 διανύσας
953 3930 1186 4011 ἀπροσδοκήτως
1219 3930 1391 4012 τρστύτεσε

318 4083 390 4154 ταῖς
413 4073 644 4158 Συρακούσαις,
668 4077 903 4161 καταταχήσας
920 4077 991 4158 τοὺς
1012 4078 1075 4148 α’τδ
1097 4087 1154 4156 τῆς
1176 4086 1288 4162 τροπῆς
1312 4077 1395 4162 esa,
1496 4171 1497 4174 Ἴ

316 4248 441 4304 κοντας.
476 4232 580 4290 ταῦτα
602 4225 659 4306 μὲν
682 4220 731 4293 οὖν
756 4225 902 4310 ἐπράχθη
925 4226 1014 4304 κοσταὶΥ
1034 4237 1143 4296 τοῦτον
1167 4231 1219 4296 τδκ
1242 4227 1389 4296 ἐνιαυτόν.
