<?xml version="1.0" encoding="UTF-8"?>
<!DOCTYPE html PUBLIC "-//W3C//DTD XHTML 1.0 Transitional//EN"
    "http://www.w3.org/TR/xhtml1/DTD/xhtml1-transitional.dtd">
<html xmlns="http://www.w3.org/1999/xhtml" xml:lang="en" lang="en">
 <head>
  <title>
</title>
<meta http-equiv="Content-Type" content="text/html;charset=utf-8" />
  <meta name='ocr-system' content='tesseract 3.04.00' />
  <meta name='ocr-capabilities' content='ocr_page ocr_carea ocr_par ocr_line ocrx_word'/>
</head>
<body>
  <div class='ocr_page' id='page_1' title='image "./observationesin00hartgoog/observationesin00hartgoog_0061.png"; bbox 0 0 3342 5140; ppageno 0'>
   <div class='ocr_carea' id='block_1_1' title="bbox 847 667 888 728">
    <p class='ocr_par' dir='ltr' id='par_1_1' title="bbox 847 667 888 728">
     <span class='ocr_line' id='line_1_1' title="bbox 847 667 888 728; baseline 0 0"><span class='ocrx_word' id='word_1_1' title='bbox 847 667 888 728; x_wconf 76' lang='lat'><strong>44</strong></span> 
     </span>
    </p>
   </div>
   <div class='ocr_carea' id='block_1_2' title="bbox 335 887 1402 1133">
    <p class='ocr_par' dir='ltr' id='par_1_2' title="bbox 335 887 1402 1133">
     <span class='ocr_line' id='line_1_2' title="bbox 335 887 1402 995; baseline 0.005 -46"><span class='ocrx_word' id='word_1_2' title='bbox 335 887 447 952; x_wconf 92' lang='lat' dir='ltr'><strong>sortito</strong></span> <span class='ocrx_word' id='word_1_3' title='bbox 480 889 551 995; x_wconf 69' lang='lat' dir='ltr'><strong>oapi</strong></span> <span class='ocrx_word' id='word_1_4' title='bbox 584 891 711 974; x_wconf 89' lang='lat' dir='ltr'><strong>iubeat,</strong></span> <span class='ocrx_word' id='word_1_5' title='bbox 735 890 820 976; x_wconf 92' lang='lat' dir='ltr'><strong>quod</strong></span> <span class='ocrx_word' id='word_1_6' title='bbox 842 891 928 976; x_wconf 86' lang='lat' dir='ltr'><strong>apud</strong></span> <span class='ocrx_word' id='word_1_7' title='bbox 952 891 1023 956; x_wconf 90' lang='lat' dir='ltr'><strong>illos</strong></span> <span class='ocrx_word' id='word_1_8' title='bbox 1045 891 1276 976; x_wconf 89' lang='lat' dir='ltr'><strong>amplissimum</strong></span> <span class='ocrx_word' id='word_1_9' title='bbox 1300 911 1402 954; x_wconf 81' lang='lat' dir='ltr'><strong>saeer-</strong></span> 
     </span>
     <span class='ocr_line' id='line_1_3' title="bbox 335 1034 1402 1133; baseline 0.003 -34"><span class='ocrx_word' id='word_1_10' title='bbox 335 1034 458 1133; x_wconf 79' lang='lat' dir='ltr'><strong>tlotium</strong></span> <span class='ocrx_word' id='word_1_11' title='bbox 491 1045 642 1124; x_wconf 82' lang='lat' dir='ltr'><strong>putatur3</strong></span> <span class='ocrx_word' id='word_1_12' title='bbox 676 1061 748 1104; x_wconf 86' lang='lat' dir='ltr'><strong>eum</strong></span> <span class='ocrx_word' id='word_1_13' title='bbox 773 1041 933 1125; x_wconf 84' lang='lat' dir='ltr'><strong>suffragiis</strong></span> <span class='ocrx_word' id='word_1_14' title='bbox 956 1045 1021 1104; x_wconf 88' lang='lat' dir='ltr'><strong>tres</strong></span> <span class='ocrx_word' id='word_1_15' title='bbox 1043 1061 1085 1105; x_wconf 84' lang='lat' dir='ltr'><strong>ex</strong></span> <span class='ocrx_word' id='word_1_16' title='bbox 1108 1039 1211 1104; x_wconf 90' lang='lat' dir='ltr'><strong>tribus</strong></span> <span class='ocrx_word' id='word_1_17' title='bbox 1233 1038 1402 1124; x_wconf 83' lang='lat' dir='ltr'><strong>generibus</strong></span> 
     </span>
    </p>
   </div>
   <div class='ocr_carea' id='block_1_3' title="bbox 334 1185 1045 1269">
    <p class='ocr_par' dir='ltr' id='par_1_3' title="bbox 334 1185 1045 1269">
     <span class='ocr_line' id='line_1_4' title="bbox 334 1185 1045 1269; baseline 0.007 -21"><span class='ocrx_word' id='word_1_18' title='bbox 334 1185 432 1250; x_wconf 81' lang='lat' dir='ltr'><strong>creati</strong></span> <span class='ocrx_word' id='word_1_19' title='bbox 455 1193 546 1269; x_wconf 81' lang='lat' dir='ltr'><strong>sunt,</strong></span> <span class='ocrx_word' id='word_1_20' title='bbox 571 1209 621 1251; x_wconf 90' lang='lat' dir='ltr'><strong>res</strong></span> <span class='ocrx_word' id='word_1_21' title='bbox 644 1193 810 1254; x_wconf 80' lang='lat' dir='ltr'><strong>revocatur</strong></span> <span class='ocrx_word' id='word_1_22' title='bbox 833 1188 874 1252; x_wconf 86' lang='lat' dir='ltr'><strong>ad</strong></span> <span class='ocrx_word' id='word_1_23' title='bbox 896 1189 1045 1253; x_wconf 88' lang='lat' dir='ltr'><strong>sortem.”</strong></span> 
     </span>
    </p>
   </div>
   <div class='ocr_carea' id='block_1_4' title="bbox 333 1480 1402 1866">
    <p class='ocr_par' dir='ltr' id='par_1_4' title="bbox 333 1480 1402 1866">
     <span class='ocr_line' id='line_1_5' title="bbox 377 1480 1402 1565; baseline 0.01 -23"><span class='ocrx_word' id='word_1_24' title='bbox 377 1480 445 1554; x_wconf 73' lang='grc' dir='ltr'><em>τρὺρ</em></span> <span class='ocrx_word' id='word_1_25' title='bbox 468 1481 498 1546; x_wconf 81' lang='grc' dir='ltr'><strong>δὲ</strong></span> <span class='ocrx_word' id='word_1_26' title='bbox 522 1480 587 1561; x_wconf 75' lang='grc' dir='ltr'><strong>περὶ</strong></span> <span class='ocrx_word' id='word_1_27' title='bbox 614 1481 785 1564; x_wconf 66' lang='grc' dir='ltr'><em>Δείναρχον</em></span> <span class='ocrx_word' id='word_1_28' title='bbox 807 1487 861 1547; x_wconf 69' lang='lat' dir='ltr'><strong>aaz</strong></span> <span class='ocrx_word' id='word_1_29' title='bbox 886 1488 1065 1563; x_wconf 75' lang='grc' dir='ltr'><em>Δημάρετον</em></span> <span class='ocrx_word' id='word_1_30' title='bbox 1080 1485 1122 1560; x_wconf 72' lang='grc' dir='ltr'><strong>εἷς</strong></span> <span class='ocrx_word' id='word_1_31' title='bbox 1136 1486 1261 1565; x_wconf 74' lang='grc' dir='ltr'><em>τὴντῶν</em></span> <span class='ocrx_word' id='word_1_32' title='bbox 1277 1491 1402 1562; x_wconf 67' lang='grc' dir='ltr'><em>Καρχη-</em></span> 
     </span>
     <span class='ocr_line' id='line_1_6' title="bbox 333 1626 1401 1718; baseline 0.006 -28"><span class='ocrx_word' id='word_1_33' title='bbox 333 1626 431 1691; x_wconf 72' lang='grc' dir='ltr'><em>δονίων</em></span> <span class='ocrx_word' id='word_1_34' title='bbox 463 1627 605 1708; x_wconf 77' lang='grc' dir='ltr'><em>ἔπεμψεν</em></span> <span class='ocrx_word' id='word_1_35' title='bbox 628 1631 822 1711; x_wconf 75' lang='grc' dir='ltr'><strong>ἐπικράτειαν</strong></span> <span class='ocrx_word' id='word_1_36' title='bbox 846 1631 910 1696; x_wconf 81' lang='grc' dir='ltr'><strong>κτὲ.</strong></span> <span class='ocrx_word' id='word_1_37' title='bbox 936 1632 986 1698; x_wconf 76' lang='lat' dir='ltr'><strong>(tf.</strong></span> <span class='ocrx_word' id='word_1_38' title='bbox 1010 1632 1105 1698; x_wconf 90' lang='lat' dir='ltr'><strong>Diod.</strong></span> <span class='ocrx_word' id='word_1_39' title='bbox 1132 1631 1209 1718; x_wconf 84' lang='lat' dir='ltr'><strong>Oap.</strong></span> <span class='ocrx_word' id='word_1_40' title='bbox 1237 1635 1297 1716; x_wconf 77' lang='lat'><strong>73,</strong></span> <span class='ocrx_word' id='word_1_41' title='bbox 1321 1634 1338 1716; x_wconf 68' lang='grc' dir='ltr'>ξ</span> <span class='ocrx_word' id='word_1_42' title='bbox 1366 1634 1401 1696; x_wconf 93' lang='lat' dir='ltr'><strong>l:</strong></span> 
     </span>
     <span class='ocr_line' id='line_1_7' title="bbox 337 1774 1402 1866; baseline 0.005 -27"><span class='ocrx_word' id='word_1_43' title='bbox 337 1774 498 1856; x_wconf 80' lang='lat' dir='ltr'>„Pecunia</span> <span class='ocrx_word' id='word_1_44' title='bbox 530 1799 626 1864; x_wconf 86' lang='lat' dir='ltr'><strong>egeus</strong></span> <span class='ocrx_word' id='word_1_45' title='bbox 649 1779 690 1844; x_wconf 88' lang='lat' dir='ltr'><strong>ad</strong></span> <span class='ocrx_word' id='word_1_46' title='bbox 710 1780 904 1866; x_wconf 81' lang='lat' dir='ltr'>stipendium</span> <span class='ocrx_word' id='word_1_47' title='bbox 927 1781 1131 1846; x_wconf 77' lang='lat' dir='ltr'><strong>mercenariis</strong></span> <span class='ocrx_word' id='word_1_48' title='bbox 1154 1780 1402 1866; x_wconf 85' lang='lat' dir='ltr'><strong>persolvendum</strong></span> 
     </span>
    </p>
   </div>
   <div class='ocr_carea' id='block_1_5' title="bbox 335 1923 1405 2013">
    <p class='ocr_par' dir='ltr' id='par_1_5' title="bbox 335 1923 1405 2013">
     <span class='ocr_line' id='line_1_8' title="bbox 335 1923 1405 2013; baseline 0.005 -26"><span class='ocrx_word' id='word_1_49' title='bbox 335 1923 370 1987; x_wconf 87' lang='lat' dir='ltr'>M</span> <span class='ocrx_word' id='word_1_50' title='bbox 403 1927 521 1991; x_wconf 84' lang='lat' dir='ltr'><strong>milites</strong></span> <span class='ocrx_word' id='word_1_51' title='bbox 554 1948 627 1991; x_wconf 87' lang='lat' dir='ltr'><strong>aum</strong></span> <span class='ocrx_word' id='word_1_52' title='bbox 650 1928 852 2013; x_wconf 81' lang='lat' dir='ltr'><strong>peritissimis</strong></span> <span class='ocrx_word' id='word_1_53' title='bbox 875 1928 1009 1992; x_wconf 81' lang='lat' dir='ltr'><strong>ducibus</strong></span> <span class='ocrx_word' id='word_1_54' title='bbox 1031 1929 1065 1992; x_wconf 93' lang='lat' dir='ltr'><strong>in</strong></span> <span class='ocrx_word' id='word_1_55' title='bbox 1089 1927 1405 2013; x_wconf 76' lang='lat' dir='ltr'><strong>Carthaginiensium</strong></span> 
     </span>
    </p>
   </div>
   <div class='ocr_carea' id='block_1_6' title="bbox 213 2075 1405 2162">
    <p class='ocr_par' dir='ltr' id='par_1_6' title="bbox 213 2075 1405 2162">
     <span class='ocr_line' id='line_1_9' title="bbox 213 2075 1405 2162; baseline 0.005 -28"><span class='ocrx_word' id='word_1_56' title='bbox 213 2129 215 2134; x_wconf 90' lang='lat'><strong>.</strong></span> <span class='ocrx_word' id='word_1_57' title='bbox 334 2075 530 2158; x_wconf 77' lang='lat' dir='ltr'><strong>provinciam</strong></span> <span class='ocrx_word' id='word_1_58' title='bbox 565 2076 661 2140; x_wconf 85' lang='lat' dir='ltr'><strong>misit.</strong></span> <span class='ocrx_word' id='word_1_59' title='bbox 696 2075 750 2139; x_wconf 93' lang='lat' dir='ltr'><strong>Illi</strong></span> <span class='ocrx_word' id='word_1_60' title='bbox 784 2077 922 2140; x_wconf 90' lang='lat' dir='ltr'><strong>multum</strong></span> <span class='ocrx_word' id='word_1_61' title='bbox 956 2077 1026 2162; x_wconf 85' lang='lat' dir='ltr'><strong>agri</strong></span> <span class='ocrx_word' id='word_1_62' title='bbox 1059 2075 1243 2162; x_wconf 85' lang='lat' dir='ltr'><strong>depopulati</strong></span> <span class='ocrx_word' id='word_1_63' title='bbox 1266 2077 1405 2162; x_wconf 79' lang='lat' dir='ltr'><strong>opimam</strong></span> 
     </span>
    </p>
   </div>
   <div class='ocr_carea' id='block_1_7' title="bbox 333 2203 1409 3648">
    <p class='ocr_par' dir='ltr' id='par_1_7' title="bbox 333 2203 1409 3648">
     <span class='ocr_line' id='line_1_10' title="bbox 335 2203 1406 2310; baseline 0.002 -24"><span class='ocrx_word' id='word_1_64' title='bbox 335 2223 485 2308; x_wconf 89' lang='lat' dir='ltr'><strong>praedam</strong></span> <span class='ocrx_word' id='word_1_65' title='bbox 521 2229 673 2310; x_wconf 88' lang='lat' dir='ltr'><strong>oeperunt</strong></span> <span class='ocrx_word' id='word_1_66' title='bbox 695 2230 727 2290; x_wconf 91' lang='lat' dir='ltr'><strong>et</strong></span> <span class='ocrx_word' id='word_1_67' title='bbox 749 2203 942 2289; x_wconf 69' lang='lat' dir='ltr'><strong>Timoleonti</strong></span> <span class='ocrx_word' id='word_1_68' title='bbox 966 2223 1176 2289; x_wconf 85' lang='lat' dir='ltr'><strong>tradiderunt.</strong></span> <span class='ocrx_word' id='word_1_69' title='bbox 1201 2222 1264 2298; x_wconf 82' lang='lat' dir='ltr'><strong>Qui</strong></span> <span class='ocrx_word' id='word_1_70' title='bbox 1286 2222 1406 2310; x_wconf 87' lang='lat' dir='ltr'><strong>praeda</strong></span> 
     </span>
     <span class='ocr_line' id='line_1_11' title="bbox 335 2369 1406 2460; baseline 0.001 -26"><span class='ocrx_word' id='word_1_71' title='bbox 335 2369 498 2436; x_wconf 86' lang='lat' dir='ltr'><strong>divendita</strong></span> <span class='ocrx_word' id='word_1_72' title='bbox 519 2393 556 2438; x_wconf 89' lang='lat' dir='ltr'><strong>ao</strong></span> <span class='ocrx_word' id='word_1_73' title='bbox 580 2395 698 2458; x_wconf 82' lang='lat' dir='ltr'><strong>magna</strong></span> <span class='ocrx_word' id='word_1_74' title='bbox 719 2375 854 2460; x_wconf 83' lang='lat' dir='ltr'><strong>pecnnia</strong></span> <span class='ocrx_word' id='word_1_75' title='bbox 876 2395 917 2438; x_wconf 86' lang='lat' dir='ltr'><strong>ex</strong></span> <span class='ocrx_word' id='word_1_76' title='bbox 943 2394 981 2438; x_wconf 91' lang='lat' dir='ltr'><strong>ea</strong></span> <span class='ocrx_word' id='word_1_77' title='bbox 1004 2372 1134 2438; x_wconf 80' lang='lat' dir='ltr'><strong>redacta</strong></span> <span class='ocrx_word' id='word_1_78' title='bbox 1148 2371 1305 2437; x_wconf 89' lang='lat' dir='ltr'><strong>militibus</strong></span> <span class='ocrx_word' id='word_1_79' title='bbox 1317 2372 1406 2456; x_wconf 85' lang='lat' dir='ltr'><strong>longi</strong></span> 
     </span>
     <span class='ocr_line' id='line_1_12' title="bbox 334 2520 1404 2607; baseline 0.001 -24"><span class='ocrx_word' id='word_1_80' title='bbox 334 2521 485 2606; x_wconf 87' lang='lat' dir='ltr'><strong>temporis</strong></span> <span class='ocrx_word' id='word_1_81' title='bbox 526 2521 719 2606; x_wconf 87' lang='lat' dir='ltr'><strong>stipendium</strong></span> <span class='ocrx_word' id='word_1_82' title='bbox 759 2523 950 2588; x_wconf 87' lang='lat' dir='ltr'><strong>numeravit.</strong></span> <span class='ocrx_word' id='word_1_83' title='bbox 994 2521 1084 2587; x_wconf 89' lang='lat' dir='ltr'><strong>Idem</strong></span> <span class='ocrx_word' id='word_1_84' title='bbox 1125 2520 1241 2607; x_wconf 91' lang='lat' dir='ltr'><strong>oppido</strong></span> <span class='ocrx_word' id='word_1_85' title='bbox 1275 2520 1404 2585; x_wconf 78' lang='lat' dir='ltr'><strong>lintella</strong></span> 
     </span>
     <span class='ocr_line' id='line_1_13' title="bbox 334 2667 1403 2758; baseline -0.001 -26"><span class='ocrx_word' id='word_1_86' title='bbox 334 2669 472 2754; x_wconf 88' lang='lat' dir='ltr'><strong>potitus,</strong></span> <span class='ocrx_word' id='word_1_87' title='bbox 506 2671 687 2736; x_wconf 88' lang='lat' dir='ltr'><strong>homiuibus</strong></span> <span class='ocrx_word' id='word_1_88' title='bbox 720 2672 804 2755; x_wconf 85' lang='lat' dir='ltr'><strong>XV,</strong></span> <span class='ocrx_word' id='word_1_89' title='bbox 835 2674 890 2758; x_wconf 94' lang='lat' dir='ltr'><strong>qui</strong></span> <span class='ocrx_word' id='word_1_90' title='bbox 912 2671 1053 2736; x_wconf 80' lang='lat' dir='ltr'><strong>maxime</strong></span> <span class='ocrx_word' id='word_1_91' title='bbox 1075 2691 1148 2735; x_wconf 90' lang='lat' dir='ltr'><strong>oum</strong></span> <span class='ocrx_word' id='word_1_92' title='bbox 1170 2669 1287 2735; x_wconf 89' lang='lat' dir='ltr'><strong>Poenis</strong></span> <span class='ocrx_word' id='word_1_93' title='bbox 1309 2667 1403 2732; x_wconf 86' lang='lat' dir='ltr'><strong>fasio-</strong></span> 
     </span>
     <span class='ocr_line' id='line_1_14' title="bbox 334 2818 1405 2907; baseline -0.003 -24"><span class='ocrx_word' id='word_1_94' title='bbox 334 2819 430 2903; x_wconf 82' lang='lat' dir='ltr'><strong>bant,</strong></span> <span class='ocrx_word' id='word_1_95' title='bbox 452 2821 626 2886; x_wconf 76' lang='lat' dir='ltr'><strong>interfectis</strong></span> <span class='ocrx_word' id='word_1_96' title='bbox 649 2823 780 2907; x_wconf 87' lang='lat' dir='ltr'><strong>reliquis</strong></span> <span class='ocrx_word' id='word_1_97' title='bbox 800 2821 982 2886; x_wconf 88' lang='lat' dir='ltr'><strong>libertatem</strong></span> <span class='ocrx_word' id='word_1_98' title='bbox 1003 2819 1166 2885; x_wconf 78' lang='lat' dir='ltr'><strong>noncessit.</strong></span> <span class='ocrx_word' id='word_1_99' title='bbox 1178 2818 1232 2883; x_wconf 89' lang='lat' dir='ltr'><strong>Ita</strong></span> <span class='ocrx_word' id='word_1_100' title='bbox 1242 2821 1405 2883; x_wconf 81' lang='lat' dir='ltr'><strong>arescente</strong></span> 
     </span>
     <span class='ocr_line' id='line_1_15' title="bbox 333 2965 1405 3056; baseline -0.001 -26"><span class='ocrx_word' id='word_1_101' title='bbox 333 2966 367 3030; x_wconf 92' lang='lat' dir='ltr'><strong>iu</strong></span> <span class='ocrx_word' id='word_1_102' title='bbox 402 2965 469 3032; x_wconf 89' lang='lat' dir='ltr'><strong>dies</strong></span> <span class='ocrx_word' id='word_1_103' title='bbox 503 2967 710 3034; x_wconf 82' lang='lat' dir='ltr'><strong>Timoleontis</strong></span> <span class='ocrx_word' id='word_1_104' title='bbox 744 2970 888 3056; x_wconf 89' lang='lat' dir='ltr'><strong>potentia</strong></span> <span class='ocrx_word' id='word_1_105' title='bbox 922 2973 954 3034; x_wconf 88' lang='lat' dir='ltr'><strong>et</strong></span> <span class='ocrx_word' id='word_1_106' title='bbox 988 2967 1102 3034; x_wconf 84' lang='lat' dir='ltr'><strong>bellica</strong></span> <span class='ocrx_word' id='word_1_107' title='bbox 1132 2965 1227 3032; x_wconf 90' lang='lat' dir='ltr'><strong>laude</strong></span> <span class='ocrx_word' id='word_1_108' title='bbox 1261 2965 1405 3030; x_wconf 79' lang='lat' dir='ltr'><strong>Graecae</strong></span> 
     </span>
     <span class='ocr_line' id='line_1_16' title="bbox 334 3113 1405 3183; baseline 0 -6"><span class='ocrx_word' id='word_1_109' title='bbox 334 3114 428 3178; x_wconf 86' lang='lat' dir='ltr'><strong>urbes</strong></span> <span class='ocrx_word' id='word_1_110' title='bbox 460 3115 494 3179; x_wconf 89' lang='lat' dir='ltr'><strong>in</strong></span> <span class='ocrx_word' id='word_1_111' title='bbox 527 3115 632 3182; x_wconf 89' lang='lat' dir='ltr'><strong>insula</strong></span> <span class='ocrx_word' id='word_1_112' title='bbox 665 3117 774 3183; x_wconf 82' lang='lat' dir='ltr'><strong>Sicilia</strong></span> <span class='ocrx_word' id='word_1_113' title='bbox 803 3117 845 3182; x_wconf 89' lang='lat' dir='ltr'><strong>ad</strong></span> <span class='ocrx_word' id='word_1_114' title='bbox 867 3138 965 3182; x_wconf 92' lang='lat' dir='ltr'><strong>uuam</strong></span> <span class='ocrx_word' id='word_1_115' title='bbox 989 3138 1098 3181; x_wconf 87' lang='lat' dir='ltr'><strong>omnes</strong></span> <span class='ocrx_word' id='word_1_116' title='bbox 1120 3115 1257 3181; x_wconf 87' lang='lat' dir='ltr'><strong>libenter</strong></span> <span class='ocrx_word' id='word_1_117' title='bbox 1279 3113 1405 3180; x_wconf 83' lang='lat' dir='ltr'><strong>sesain</strong></span> 
     </span>
     <span class='ocr_line' id='line_1_17' title="bbox 335 3263 1406 3351; baseline 0.002 -25"><span class='ocrx_word' id='word_1_118' title='bbox 335 3263 421 3327; x_wconf 88' lang='lat' dir='ltr'><strong>illius</strong></span> <span class='ocrx_word' id='word_1_119' title='bbox 463 3265 559 3328; x_wconf 89' lang='lat' dir='ltr'><strong>fidem</strong></span> <span class='ocrx_word' id='word_1_120' title='bbox 592 3271 624 3331; x_wconf 92' lang='lat' dir='ltr'><strong>et</strong></span> <span class='ocrx_word' id='word_1_121' title='bbox 656 3267 791 3330; x_wconf 88' lang='lat' dir='ltr'><strong>tutelam</strong></span> <span class='ocrx_word' id='word_1_122' title='bbox 825 3265 1060 3351; x_wconf 82' lang='lat' dir='ltr'><strong>permiserunt3</strong></span> <span class='ocrx_word' id='word_1_123' title='bbox 1093 3264 1191 3328; x_wconf 90' lang='lat' dir='ltr'><strong>etiam</strong></span> <span class='ocrx_word' id='word_1_124' title='bbox 1224 3263 1406 3328; x_wconf 79' lang='lat' dir='ltr'><strong>Sicularum</strong></span> 
     </span>
     <span class='ocr_line' id='line_1_18' title="bbox 337 3411 1407 3500; baseline 0.002 -24"><span class='ocrx_word' id='word_1_125' title='bbox 337 3411 588 3500; x_wconf 80' lang='lat' dir='ltr'><strong>Sicanorumque</strong></span> <span class='ocrx_word' id='word_1_126' title='bbox 609 3419 641 3478; x_wconf 88' lang='lat' dir='ltr'><strong>et</strong></span> <span class='ocrx_word' id='word_1_127' title='bbox 665 3414 879 3498; x_wconf 88' lang='lat' dir='ltr'><strong>reliquarum,</strong></span> <span class='ocrx_word' id='word_1_128' title='bbox 903 3433 985 3498; x_wconf 90' lang='lat' dir='ltr'><strong>quae</strong></span> <span class='ocrx_word' id='word_1_129' title='bbox 1008 3413 1067 3476; x_wconf 92' lang='lat' dir='ltr'><strong>sub</strong></span> <span class='ocrx_word' id='word_1_130' title='bbox 1090 3411 1270 3477; x_wconf 85' lang='lat' dir='ltr'><strong>Poenorum</strong></span> <span class='ocrx_word' id='word_1_131' title='bbox 1282 3411 1407 3478; x_wconf 90' lang='lat' dir='ltr'><strong>dioione</strong></span> 
     </span>
     <span class='ocr_line' id='line_1_19' title="bbox 333 3561 1409 3648; baseline 0.001 -23"><span class='ocrx_word' id='word_1_132' title='bbox 333 3567 456 3644; x_wconf 86' lang='lat' dir='ltr'><strong>esseut,</strong></span> <span class='ocrx_word' id='word_1_133' title='bbox 491 3563 611 3626; x_wconf 87' lang='lat' dir='ltr'><strong>multae</strong></span> <span class='ocrx_word' id='word_1_134' title='bbox 635 3583 692 3648; x_wconf 92' lang='lat' dir='ltr'><strong>per</strong></span> <span class='ocrx_word' id='word_1_135' title='bbox 714 3564 837 3648; x_wconf 65' lang='lat' dir='ltr'><strong>ligatos</strong></span> <span class='ocrx_word' id='word_1_136' title='bbox 861 3583 933 3626; x_wconf 89' lang='lat' dir='ltr'><strong>oum</strong></span> <span class='ocrx_word' id='word_1_137' title='bbox 958 3583 995 3626; x_wconf 92' lang='lat' dir='ltr'><strong>eo</strong></span> <span class='ocrx_word' id='word_1_138' title='bbox 1017 3565 1170 3646; x_wconf 84' lang='lat' dir='ltr'><strong>egerunt,</strong></span> <span class='ocrx_word' id='word_1_139' title='bbox 1192 3567 1229 3625; x_wconf 93' lang='lat' dir='ltr'><strong>ut</strong></span> <span class='ocrx_word' id='word_1_140' title='bbox 1252 3561 1286 3626; x_wconf 92' lang='lat' dir='ltr'><strong>in</strong></span> <span class='ocrx_word' id='word_1_141' title='bbox 1308 3561 1409 3626; x_wconf 89' lang='lat' dir='ltr'><strong>sooie·</strong></span> 
     </span>
    </p>
   </div>
   <div class='ocr_carea' id='block_1_8' title="bbox 333 3711 717 3775">
    <p class='ocr_par' dir='ltr' id='par_1_8' title="bbox 333 3711 717 3775">
     <span class='ocr_line' id='line_1_20' title="bbox 333 3711 717 3775; baseline 0.005 -3"><span class='ocrx_word' id='word_1_142' title='bbox 333 3715 433 3773; x_wconf 88' lang='lat' dir='ltr'><strong>tatem</strong></span> <span class='ocrx_word' id='word_1_143' title='bbox 456 3711 717 3775; x_wconf 79' lang='lat' dir='ltr'><strong>asciscerentur.‘’</strong></span> 
     </span>
    </p>
   </div>
   <div class='ocr_carea' id='block_1_9' title="bbox 740 4004 1009 4070">
    <p class='ocr_par' dir='ltr' id='par_1_9' title="bbox 740 4004 1009 4070">
     <span class='ocr_line' id='line_1_21' title="bbox 740 4004 1009 4070; baseline 0 -1"><span class='ocrx_word' id='word_1_144' title='bbox 740 4005 854 4070; x_wconf 76' lang='lat' dir='ltr'><strong>ouP.</strong></span> <span class='ocrx_word' id='word_1_145' title='bbox 884 4004 1009 4069; x_wconf 87' lang='lat' dir='ltr'><strong>XXV.</strong></span> 
     </span>
    </p>
   </div>
   <div class='ocr_carea' id='block_1_10' title="bbox 338 4298 1409 4383">
    <p class='ocr_par' dir='ltr' id='par_1_10' title="bbox 338 4298 1409 4383">
     <span class='ocr_line' id='line_1_22' title="bbox 338 4298 1409 4383; baseline -0.002 -17"><span class='ocrx_word' id='word_1_146' title='bbox 338 4315 339 4320; x_wconf 77' lang='grc'>’</span> <span class='ocrx_word' id='word_1_147' title='bbox 375 4303 404 4366; x_wconf 83' lang='grc' dir='ltr'><strong>ἐν</strong></span> <span class='ocrx_word' id='word_1_148' title='bbox 426 4306 526 4383; x_wconf 55' lang='grc' dir='ltr'><em>τούτῳ</em></span> <span class='ocrx_word' id='word_1_149' title='bbox 547 4302 577 4365; x_wconf 79' lang='grc' dir='ltr'><strong>δὲ</strong></span> <span class='ocrx_word' id='word_1_150' title='bbox 597 4301 797 4382; x_wconf 74' lang='grc' dir='ltr'><strong>Καρχηδόνιοι</strong></span> <span class='ocrx_word' id='word_1_151' title='bbox 813 4300 1041 4365; x_wconf 78' lang='grc' dir='ltr'><strong>κνιτνιπλὲνυσιν</strong></span> <span class='ocrx_word' id='word_1_152' title='bbox 1054 4302 1096 4374; x_wconf 66' lang='grc' dir='ltr'><strong>εἷς</strong></span> <span class='ocrx_word' id='word_1_153' title='bbox 1108 4300 1142 4364; x_wconf 84' lang='grc' dir='ltr'><strong>τὸ</strong></span> <span class='ocrx_word' id='word_1_154' title='bbox 1156 4298 1327 4375; x_wconf 66' lang='grc' dir='ltr'><strong>Λιλύβαιον</strong></span> <span class='ocrx_word' id='word_1_155' title='bbox 1339 4299 1409 4364; x_wconf 79' lang='grc' dir='ltr'><strong>κτὲ.</strong></span> 
     </span>
    </p>
   </div>
   <div class='ocr_carea' id='block_1_11' title="bbox 0 0 1676 5140">
    <p class='ocr_par' dir='ltr' id='par_1_11' title="bbox 0 0 1676 5140">
     <span class='ocr_line' id='line_1_23' title="bbox 0 0 1676 5140; baseline 0 0"><span class='ocrx_word' id='word_1_156' title='bbox 0 0 1676 5140; x_wconf 95' lang='lat' dir='ltr'><strong> </strong></span> 
     </span>
    </p>
   </div>
  </div>
 </body>
</html>
