3342 5140
783 665 825 726 25

267 888 461 954 Plutarchus
489 888 579 954 urbis
613 889 885 974 expugnationem
921 886 1090 973 diligenter
1125 893 1157 952 et
1191 891 1339 952 accurate

266 1037 354 1135 etin
377 1036 524 1100 omnibus
547 1037 607 1100 sibi
631 1042 780 1100 constans
805 1037 974 1121 exposuit,
1002 1035 1160 1100 Diodorus
1174 1035 1340 1119 aliquanto
1415 1090 1417 1093 .

265 1185 393 1249 brevius
415 1191 447 1249 et
469 1184 633 1249 obscurius
657 1191 688 1250 et
714 1185 891 1268 confusius;
918 1205 1022 1270 neque
1045 1184 1140 1248 huius
1164 1184 1338 1247 auctoritas

167 1329 170 1333 ’
225 1323 227 1327 ’
266 1335 363 1418 vulgo
397 1339 464 1397 tam
493 1334 599 1417 gravis
622 1333 779 1416 habetur,
808 1331 1127 1417 quin‘Ohaeronensi'
1149 1338 1249 1396 totam
1272 1353 1341 1395 rem

269 1482 445 1546 luculenter
467 1487 499 1546 et
523 1481 632 1546 ordine
654 1481 828 1565 explicanti
852 1479 954 1544 libens
977 1479 1096 1566 primas
1120 1479 1253 1543 deferas.

675 1775 788 1845 OAP.
822 1775 943 1840 XIII.

313 2076 365 2136 κοιὶ
396 2071 459 2152 μοὶρ
484 2071 590 2147 πόλεις
613 2070 707 2146 εὐθὺς
730 2071 1028 2151 ἐπιπρεσβευόμενον
1054 2070 1270 2152 προσετίθεντο
1294 2079 1339 2155 τῷ

272 2220 466 2298 Τιμολέοντι.
507 2222 668 2287 Videntur
709 2222 920 2308 Tyndaritani
952 2223 1049 2287 fuisse
1082 2225 1165 2288 inter
1201 2225 1340 2310 primos,

271 2373 324 2456 qui
365 2375 405 2437 cd
446 2373 654 2438 Timoleontis
688 2375 871 2438 societatem
905 2395 973 2438 sese
1006 2372 1265 2459 applicaverunt,
1301 2375 1340 2439 cf.

271 2521 363 2588 Diod.
388 2521 543 2610 Oup969,
568 2526 597 2587 3.

312 2813 365 2881 κοιὶ
403 2821 565 2894 κομισθεὶς
599 2819 642 2891 εἱς
677 2817 711 2882 τὸ
746 2803 799 2881 τοῦ
833 2815 1036 2894 Τιμολέοντος
1071 2817 1276 2898 στρατόπεδον
1299 2858 1340 2866 -

271 2962 320 3027 ἐπὶ
342 2966 419 3042 μιῖις
442 2965 511 3041 νεὼς
535 2969 587 3029 καὶ
610 2971 778 3045 χρημάτων
799 2966 912 3044 ὀλίγον
934 2966 977 3040 εἱς
1001 2964 1141 3046 Ιζόρινθον
1162 2964 1340 3038 desertina.
1369 2926 1371 2930 V

270 3112 423 3200 Polybius
457 3115 495 3178 L.
530 3115 600 3178 XII
624 3117 728 3179 multa
749 3116 783 3180 in
808 3115 976 3181 Timaeum
999 3117 1145 3182 invectus
1168 3116 1342 3202 exprobret

270 3262 299 3326 ei
331 3264 428 3326 etiam
463 3263 557 3348 (Oap.
593 3263 643 3328 IV
678 3285 715 3346 a,
751 3263 800 3328 ed.
836 3264 966 3349 Dina),
992 3265 1076 3351 quod
1100 3265 1341 3352 Theopompum

270 3413 462 3494 correxerit,
485 3413 540 3497 qui
563 3383 754 3498 Dionysium
775 3415 851 3478 navi
873 3414 1018 3478 oneraria
1042 3413 1232 3478 Corinthum
1253 3415 1342 3478 navi·

270 3580 361 3644 gesse
387 3561 580 3643 rettulisset,
606 3582 678 3624 eum
701 3526 735 3626 re
760 3583 836 3626 vera
858 3562 969 3626 fuisset
993 3563 1083 3626 navis
1105 3563 1211 3646 longa.
1236 3562 1341 3626 Theo-

270 3729 421 3794 pompum
454 3710 597 3794 sequitur
632 3710 724 3776 Diod.
763 3711 841 3796 Cep.
870 3714 920 3794 70,
945 3713 981 3775 3:
1006 3710 1019 3774 d
1041 3713 1101 3788 γὰρ
1125 3707 1205 3789 ἔχων
1230 3731 1341 3788 τετρα-

270 3853 374 3928 κοσίας
419 3857 544 3936 τριήρεις
577 3861 648 3933 μετ’
683 3859 787 3935 ὀλίγον
823 3864 852 3922 ἐν
888 3869 985 3952 μικρῷ
1021 3858 1204 3939 στρογγύλῳ
1242 3859 1342 3942 ιτλοίῳ

270 4001 482 4068 κατέπλευσεν
517 4007 561 4079 ε-’ς
594 4005 648 4079 τὴν
683 4006 840 4091 Κόρινθον,
861 4007 1069 4088 περίβλεπτον
1103 4007 1183 4088 ἔχων
1204 4013 1259 4088 τὴν
1286 4014 1342 4081 τῆς

270 4151 452 4232 μεταβολῆς
477 4151 661 4233 ὑπερβολήν.
685 4156 751 4220 Res
775 4157 860 4221 haud
884 4159 931 4221 ita
953 4158 1061 4242 magni
1084 4159 1258 4240 momenti,
1281 4159 1342 4222 nisi

267 4301 341 4385 ‘quis
373 4303 439 4366 veri
477 4303 580 4368 simile
604 4310 695 4392 putat
721 4305 970 4391 Timoleontem,
995 4328 1058 4392 qno
1081 4307 1199 4371 maiore
1223 4308 1343 4372 honore
