3342 5140
793 641 833 702 33

277 865 337 929 Ille
370 864 457 929 haud
489 864 617 950 illepide
650 865 828 952 respondit:
869 865 971 948 ,Quia
997 871 1088 952 pater
1110 873 1215 932 cetera
1239 868 1345 932 omnis

277 1013 356 1078 mihi
388 1013 517 1100 reliquit
540 1018 666 1099 praeter
688 1013 893 1099 felicitatem,
917 1035 982 1100 qua
1003 1015 1059 1078 illa
1083 1021 1115 1080 et
1138 1016 1273 1102 adeptus
1297 1021 1346 1081 est

278 1167 310 1227 et
332 1161 457 1248 integre
482 1162 654 1228 servavit.’'

322 1459 428 1521 “nm
462 1481 513 1536 μοι
547 1455 787 1538 ποιοοιβοὶλλοντι
822 1460 938 1530 τούτοις
968 1457 1027 1534 τοὶς
1053 1458 1197 1524 Φιλίστου
1222 1459 1347 1543 Φοινοές,

279 1595 318 1676 ἃς
340 1605 450 1688 (ἐφίησι
473 1611 540 1687 περὶ
564 1609 625 1671 τῶν
651 1606 805 1672 Λεπτίνου
828 1605 1007 1687 θυγατέροιν
1029 1607 1348 1691 ὀλοφυρόμενοο.11ηο

279 1776 298 1820 e
330 1755 475 1842 Leptinis
509 1757 635 1823 filiabus
667 1779 749 1822 uxor
784 1757 844 1822 fuit
875 1756 1014 1822 Philisti.
1041 1757 1090 1822 of.
1113 1758 1214 1823 vitem
1237 1757 1350 1823 Dionis

281 1905 360 1992 Oap.
383 1904 452 1972 XI:
478 1905 633 1992 Magnum
656 1907 760 1971 locum
783 1905 915 1972 tenebat
938 1905 1024 1992 apud
1046 1905 1200 1971 maiorem
1225 1905 1349 1992 Diony·

280 2055 362 2119 sium
383 2053 556 2138 Philistus,
579 2055 625 2120 ite
647 2060 684 2120 ut
706 2054 761 2119 diu
784 2055 867 2138 arei,
890 2075 972 2140 quae
995 2059 1064 2120 erat
1088 2054 1122 2118 in
1135 2053 1241 2120 insule
1254 2053 1351 2141 Orty-

281 2203 351 2288 gie,
373 2204 556 2289 praefuerit.
581 2203 643 2268 sed
667 2225 740 2268 eum
763 2203 933 2290 Leptines,
956 2203 1054 2268 frater
1077 2203 1216 2291 tyranni,
1228 2204 1352 2268 iniussu

282 2351 350 2415 eius
373 2351 508 2417 alteram
531 2373 573 2417 ex
597 2351 724 2418 filiabus
747 2350 934 2418 collocasset
954 2351 1108 2438 Philisto,
1130 2354 1231 2418 iratus
1245 2358 1354 2440 tyran·

281 2519 341 2564 nus
374 2521 507 2566 uxerem
541 2500 671 2566 Philisti
702 2501 737 2566 in
768 2501 897 2567 vincula
929 2501 1080 2585 coniecit,
1113 2501 1219 2588 ipsum
1251 2502 1349 2566 exilio

283 2650 450 2734 multavit;
484 2650 539 2736 qui
562 2650 596 2714 in
618 2650 711 2715 litore
734 2648 849 2735 Superi
870 2648 968 2713 meris
990 2647 1076 2734 apud
1099 2647 1240 2735 hospites
1262 2669 1355 2736 quos·

284 2797 356 2864 dam
394 2820 467 2864 suos
500 2799 534 2863 in
557 2819 681 2864 summo
703 2799 769 2863 otio
792 2798 909 2884 degens
932 2817 1083 2882 magnam
1105 2803 1230 2884 partem
1255 2797 1354 2864 histo-

284 2947 403 3014 riarum
427 2967 557 3012 suarum
579 2947 716 3032 scripsit.

691 3241 805 3308 OAP.
836 3242 946 3309 XVI.

330 3539 369 3605 In
405 3541 465 3606 hoo
499 3540 603 3626 sepite
636 3559 700 3604 una
734 3543 766 3603 et
800 3539 901 3604 altera
923 3539 1043 3625 legitur
1067 3541 1169 3604 forma
1191 3561 1255 3604 non
1277 3539 1359 3604 bene

288 3686 428 3773 Graece,
452 3688 552 3754 veluti
573 3687 666 3752 initio
690 3707 759 3773 esp.
783 3687 885 3752 forma
908 3687 1016 3762 ἱππεῖς
1038 3689 1238 3772 accusativo,
1262 3693 1294 3753 et
1307 3688 1360 3752 hio

288 3844 320 3904 et
344 3838 453 3904 multis
474 3837 546 3902 aliis
568 3837 602 3902 in
624 3835 685 3902 hae
707 3837 775 3902 vita
795 3837 872 3901 loeis
896 3837 1006 3902 scribis
1017 3837 1206 3925 imputanda
1217 3842 1249 3902 et
1261 3857 1361 3922 quan·

289 3987 390 4052 tocius
423 3987 457 4051 in
477 3983 545 4060 -έοις
568 3984 762 4071 refingenda.
783 3983 881 4050 eirea
904 3984 1044 4050 medium
1065 3987 1182 4071 legitur
1205 3985 1364 4050 sententis

290 4139 342 4198 κοιὶ
376 4139 523 4210 πεσόντος
551 4132 622 4202 ote’
647 4133 661 4198 ὃ
686 4133 807 4208 ποιῖτοις
829 4130 946 4212 ἔμεινεν
971 4131 1039 4198 οὔθ’
1063 4133 1076 4200 ὂ
1099 4131 1184 4212 μετὰ
1206 4139 1259 4199 τοῦ
1283 4147 1363 4208 πλη-

290 4288 393 4361 seso,
416 4280 511 4370 ἥκων;
534 4284 625 4350 docet
649 4284 691 4350 V.
718 4283 766 4348 Ol.
794 4281 934 4349 Cobetus
958 4283 1072 4350 herum
1085 4285 1258 4351 formarum
1270 4305 1364 4352 usum

1260 4435 1279 4498 3
