3342 5140
844 633 885 694 26

332 859 478 947 Dionysii
500 859 715 928 calamitatem
738 861 999 944 prosequeretur,
1022 853 1064 920 ad
1088 873 1162 918 eum
1186 853 1220 918 iu
1233 851 1403 920 Graeciam

332 1008 550 1074 deducendum
574 1008 680 1094 potius
702 1007 777 1072 navi
800 1007 896 1090 longa
918 1023 1012 1068 usum
1036 1022 1104 1067 osse
1117 1002 1159 1086 *).
1195 1025 1198 1032 ·

374 1309 480 1370 reare
513 1306 569 1383 μὲν
600 1298 649 1369 οὖν
680 1305 710 1368 ἐν
732 1309 796 1378 τοῖς
818 1307 886 1382 περὶ
912 1301 1024 1378 Δίωνος
1047 1299 1185 1380 ἀκριβῶς
1208 1298 1401 1379 γέγραπται.

331 1455 405 1520 Non
427 1456 530 1520 multa
551 1455 584 1518 in
596 1453 664 1519 vita
676 1452 789 1518 Dionis
800 1453 956 1538 reperies,
969 1473 1051 1537 quae
1063 1450 1142 1515 haee
1153 1451 1316 1516 illustrare
1331 1469 1403 1534 pos·

331 1604 405 1668 sint.
442 1603 481 1667 In
516 1604 579 1668 fine
602 1603 705 1686 vitae,
729 1601 808 1688 Gap.
831 1600 968 1684 LVIII,
991 1599 1164 1687 exponitur
1186 1597 1278 1664 nobis
1301 1597 1404 1662 tristis

332 1753 439 1818 exitus
473 1751 732 1835 Aristomaohes,
768 1751 881 1816 Dionis
914 1750 1049 1833 sororis,
1083 1769 1166 1836 quae
1189 1747 1302 1814 maiori
1325 1746 1403 1811 Dio-

332 1902 424 1989 nysio
447 1906 549 1988 nupta
570 1900 674 1965 fuerat
697 1900 774 1984 (Dio
797 1861 878 1985 ⁸(Jeep.
903 1898 990 1982 III),
1014 1895 1403 1983 oumfiliaArete,quam

332 2050 461 2116 viduam
494 2049 666 2136 reliquerat
699 2049 877 2114 avunculus
910 2047 1058 2134 idemque
1093 2047 1228 2112 maritus
1258 2046 1338 2130 Dio,
1371 2053 1404 2112 et

332 2199 428 2264 huius
469 2200 603 2285 parvulo
645 2199 721 2264 filio.
758 2197 999 2298 Nobilius-imae!
1017 2198 1188 2281 mulieres,
1224 2197 1404 2263 foedissimo

334 2348 481 2436 Collippo
504 2355 630 2415 mortuo
653 2371 694 2414 ex
717 2349 857 2414 tenebris
868 2355 900 2414 et
913 2370 1039 2414 oaroere
1051 2354 1242 2436 protractae,
1255 2349 1404 2434 coniuge·

332 2503 406 2562 rant
441 2497 482 2562 ad
504 2497 672 2581 Hioetam,
696 2497 926 2564 Leontinorum
951 2504 1143 2585 tyrannum,
1167 2498 1222 2584 qui
1246 2499 1405 2584 supplices

333 2645 529 2731 aliquamdiu
563 2647 736 2712 ineolumes
766 2627 986 2732 conservatas,
1011 2669 1031 2712 a
1053 2647 1166 2713 Dionis
1188 2647 1325 2712 inimicis
1346 2648 1405 2712 im·

333 2797 462 2881 pulsus,
498 2795 532 2859 in
566 2796 675 2860 navim
710 2775 897 2882 impositas,
916 2802 1070 2883 tanquam
1093 2799 1126 2862 in
1149 2797 1406 2884 Peloponnesum

333 2942 559 3030 navigaturae,
594 2965 667 3008 oum
702 2944 825 3009 infante
859 2945 894 3008 in
928 2945 1065 3010 vinculis
1094 2951 1172 3011 nato
1193 2947 1257 3011 telo
1281 2943 1406 3032 percuti

330 3098 428 3178 atque
461 3091 495 3156 in
528 3113 618 3157 mare
650 3091 791 3178 demergi
825 3093 928 3157 iussit.
963 3092 1010 3157 At
1032 3115 1115 3158 uuor
1137 3093 1284 3182 Dionysii
1305 3093 1406 3158 mino·

330 3241 392 3324 ris,
427 3262 508 3327 quae
542 3242 603 3306 fuit
639 3241 860 3329 Sophrosyne,
897 3264 985 3308 soror
1016 3243 1126 3308 eodem
1155 3205 1248 3329 patre
1271 3247 1348 3306 nata
1370 3247 1404 3306 et

330 3389 397 3454 filie
426 3390 567 3456 eiusdem
590 3390 847 3476 Aristomaohes,
870 3394 904 3457 in
927 3393 995 3458 vita
1019 3391 1133 3457 Dionis
1155 3393 1253 3458 semel
1276 3395 1404 3456 tautum

328 3539 430 3605 obiter
452 3501 716 3606 oommemoratur
738 3543 791 3626 (oi.
815 3541 903 3606 Plut.
928 3542 1083 3627 Dionem,
1109 3543 1187 3629 Gap.
1211 3542 1262 3608 VI
1285 3542 1402 3607 init.et
1477 3583 1483 3594 ·

329 3687 464 3774 Nepotis
498 3689 651 3774 Dionem,
687 3691 765 3778 Gap.
801 3693 843 3776 Ι).
880 3691 1060 3758 Putandum
1082 3698 1130 3757 est
1152 3692 1251 3777 igitur
1274 3690 1403 3755 Plutar-

330 3839 425 3904 ohum
462 3838 520 3904 hoo
558 3840 627 3904 loeo
662 3839 696 3902 in
731 3841 808 3904 satia
843 3839 1022 3905 mirabilem
1046 3861 1185 3904 errorem
1207 3859 1276 3904 sese
1296 3839 1403 3925 impli-

329 3988 469 4071 cavisse,
497 3989 551 4073 qui
574 3992 631 4052 aut
654 3987 759 4052 minus
782 3987 862 4053 bene
884 3989 1064 4054 meminerit
1086 3988 1164 4076 quid
1187 3988 1310 4076 ipsein
1333 3988 1404 4053 vita

360 4302 388 4367 *J
407 4303 444 4354 De
460 4303 506 4355 hae
523 4319 549 4356 re
567 4309 598 4356 at.
614 4304 702 4368 Gmte,
721 4304 789 4357 Hist.
807 4305 834 4360 of
846 4305 951 4368 Greeoa‘,
970 4306 1024 4368 XI,
1042 4321 1098 4376 pag.
1116 4307 1173 4359 214.
