3342 5140
788 615 828 675 27

270 840 383 906 Dionis
415 860 510 926 super
542 839 603 904 hac
638 860 673 904 rc
707 839 885 925 scripserit,
920 844 976 902 aut
1012 859 1110 902 unam
1144 859 1216 904 cum
1241 839 1343 903 altera

268 1009 403 1075 persona
437 989 623 1054 confuderit.
659 985 744 1052 Nam
767 987 852 1052 inter
876 993 1031 1074 perpetua
1054 988 1139 1054 bella
1164 989 1342 1086 complures

268 1136 404 1201 feminae
434 1138 593 1223 principes
616 1137 736 1202 crudeli
758 1142 863 1224 atque·
879 1137 1036 1202 horrenda
1057 1159 1134 1203 nece
1157 1122 1340 1224 perierunt3

267 1286 333 1350 fere
366 1285 467 1368 idom,
504 1284 588 1372 quod
610 1291 719 1386 nostro
742 1287 810 1350 loco
833 1285 872 1350 de
896 1286 1043 1373 Dionysii
1065 1287 1196 1351 minoris
1220 1308 1339 1370 uxore,

266 1433 343 1498 alibi
365 1434 560 1499 Plutarchus
584 1440 694 1498 narrat
717 1434 756 1499 de
779 1436 883 1521 prima
907 1455 1008 1499 uxore
1032 1435 1160 1500 maioris
1173 1435 1339 1521 Dionysii,

266 1581 486 1646 Hermocratis
520 1581 713 1668 Syracusani
748 1583 833 1666 filia,
867 1605 950 1670 quae
984 1605 1004 1648 a
1035 1583 1261 1670 Syracusanis,
1285 1583 1341 1668 qui

266 1753 285 1795 e
319 1737 457 1816 tyranno
486 1729 685 1824 deiecerant,
709 1732 840 1797 ultimas
865 1732 1073 1797 contumelias
1096 1751 1248 1818 perpessa
1270 1731 1340 1816 ipsa

264 1885 399 1944 mortem
422 1879 482 1948 sibi
506 1879 658 1944 conscivit
681 1881 783 1965 (Plut.
809 1881 871 1946 Dio
896 1882 974 1968 Dap.
1000 1882 1080 1966 ΙΙΙ).

309 2029 372 2094 Sed
407 2030 550 2113 aliunde,
586 2031 646 2095 etsi
682 2051 745 2095 non
780 2052 822 2095 ex
839 2075 840 2078 κ
857 2032 924 2096 vita
958 2031 1090 2114 Dionis,
1122 2030 1161 2095 de
1184 2051 1284 2095 uxore
1306 2037 1338 2096 ot

262 2177 370 2244 liberis
393 2178 539 2264 Dionysii
563 2183 698 2243 constat.
725 2179 801 2265 Ipse
825 2178 1019 2244 Plutarchus
1044 2179 1138 2264 Reip.
1152 2199 1218 2264 ger.
1231 2199 1337 2264 praec.

260 2347 333 2411 pag.
357 2328 418 2399 821
444 2325 491 2390 D:
517 2324 588 2400 τοὺς
609 2327 666 2403 μὲν
690 2326 752 2408 γὰρ
766 2328 921 2391 Διονυσίου
934 2325 1052 2400 παῖδας
1065 2329 1119 2388 καὶ
1132 2325 1186 2398 τὴν
1198 2329 1335 2403 γυναῖκα

264 2471 572 2552 καταπορνεύσαντες
604 2475 632 2540 οἱ
654 2479 722 2555 περὶ
746 2479 802 2556 τὴν
825 2477 966 2540 Ἰταλίαν
989 2477 1121 2552 ἀνεῖλον,
1146 2480 1213 2544 εἶτα
1236 2501 1338 2542 κατα-

265 2619 439 2696 καύσαντες
473 2620 516 2686 τοὶ
551 2622 686 2700 σώματα
721 2629 776 2706 τὴν
797 2625 921 2706 ’τέφραν
944 2625 1149 2706 κατέσπειραν
1172 2626 1207 2689 ἐκ
1230 2626 1337 2692 πλοίου

262 2770 347 2834 κατὰ
381 2779 437 2852 τῆς
470 2770 650 2848 θαλάττης.
686 2775 818 2841 Plenius
841 2798 909 2841 rem
932 2778 1064 2862 exponit
1086 2776 1274 2842 Athenaeus
1297 2777 1337 2841 Ιι.

263 2918 351 3004 XII,
386 2942 459 3007 pag.
492 2923 552 2986 541
580 2921 624 3006 O,
650 2922 796 2989 Olearohi
820 2924 958 2990 Solensis
981 2923 1066 2998 Βίους
1090 2931 1227 2990 secutus.
1249 2925 1337 2990 Nota

262 3088 313 3131 res
347 3073 416 3151 est,
453 3068 644 3156 Dionysium
679 3072 834 3138 minorem
857 3094 877 3137 a
899 3073 1002 3138 Dione
1024 3074 1195 3161 expulsum
1217 3075 1335 3139 Locros

262 3214 493 3304 Epizephyrios
512 3209 551 3284 ¹se
575 3221 763 3305 contulisse,
786 3221 871 3286 unde
891 3227 994 3287 mater
1014 3224 1081 3288 eius
1093 3222 1188 3288 Doris
1201 3223 1334 3288 oriunda

260 3372 339 3430 erat.
384 3368 537 3454 Legimus
582 3391 633 3457 ap.
674 3370 818 3454 Athon,
853 3377 1027 3458 tyrannum
1061 3375 1189 3438 exulem
1223 3374 1333 3440 Locris

259 3515 428 3602 degentem
463 3519 564 3584 effusa
598 3522 728 3586 luxuria
750 3543 787 3586 ao
810 3522 929 3608 stupris
953 3523 1147 3610 flagitiisque
1168 3523 1202 3586 in
1224 3523 1332 3589 odium

260 3666 377 3731 civium
411 3668 631 3734 incucurrisse.
668 3670 731 3734 Sed
754 3671 931 3739 Locrenses
954 3671 1098 3736 horribili
1121 3672 1213 3738 modo
1235 3674 1331 3758 virgi·
1368 3655 1370 3660 ⁵

258 3835 336 3878 num
369 3837 500 3882 suarum
534 3821 743 3884 contumelias
777 3821 837 3884 ulti
874 3825 969 3904 sunt3
1003 3843 1142 3907 namque
1176 3823 1331 3909 Dionysio

257 3962 389 4030 absente
422 3967 528 4043 μετίὖ
562 3967 659 4065 πολὺν
681 3967 787 4048 χρένιν
812 3969 839 4034 oi
864 3969 1087 4056 ὑβρισθέντες,
1114 3979 1250 4050 γυναῖκα
1266 3976 1328 4037 καὶ
1396 4019 1399 4026 .

256 4108 351 4176 τέκνα
384 4114 496 4180 ἐκείνου
530 4116 704 4195 λαβόντες,
727 4117 891 4199 ὑποχείρια
912 4117 963 4184 ε’πὲ
986 4129 1042 4200 τῆς
1066 4122 1132 4187 ὁδοῦ
1156 4123 1328 4196 στήσαντες

325 4263 333 4286 Ι
369 4258 385 4282 ΡΙ
471 4290 482 4303 a
521 4266 529 4288 2
635 4265 641 4288 l
828 4271 833 4288 t
876 4277 914 4308 u„
1048 4274 1054 4292 n
1100 4275 1106 4296 a
1158 4278 1173 4291 n
1215 4269 1229 4292 Pl

256 4264 323 4336 μεθ
368 4263 479 4343 υβρευ,
514 4281 767 4340 εννκολασταινον
800 4292 901 4341 curor,
951 4274 1004 4334 aul
1040 4295 1106 4334 ιπει
1135 4295 1190 4347 της
1213 4272 1327 4353 υβρεας
