3342 5140
789 617 828 676 13

274 842 402 910 παθαεν
434 839 482 911 οἷα
517 847 571 908 καὶ
595 847 735 923 πρότερον
759 841 816 906 ὑπὸ
840 839 898 904 τῶν
923 837 1101 920 συμμάχων
1125 835 1344 918 ἀποβαλόντες

274 999 328 1075 τὴν
364 997 474 1065 πόλιν,
507 995 561 1079 qui
584 998 689 1057 metus
712 997 823 1056 contra
845 991 964 1076 optime
986 989 1122 1076 quadrat
1145 993 1179 1055 in
1201 997 1345 1079 tempora

273 1143 349 1208 belli
384 1143 547 1228 Thebani,
572 1141 656 1228 quod
678 1141 803 1207 circiter
827 1139 894 1206 XX
917 1141 1009 1206 annis
1031 1145 1106 1205 anto
1131 1140 1297 1226 flagrabat.
1311 1143 1344 1226 *)

679 1440 792 1508 OAP.
825 1439 945 1505 VIII.

318 1743 392 1814 ναῦς
416 1738 447 1804 δὲ
471 1738 631 1820 Κορινθίας
654 1739 712 1816 μὲν
737 1735 816 1818 ἔχων
842 1737 941 1811 ἑπτά,
966 1735 1152 1817 Κερκυραίας
1172 1736 1203 1802 δὲ
1226 1735 1275 1802 δύο
1290 1736 1341 1802 καὶ

274 1894 330 1970 τὴν
364 1888 494 1962 δεκάταν
533 1885 709 1952 Λευκαδίων
744 1885 1046 1968 προσπαρασχόντων
1069 1888 1209 1968 ἀνήχθη.
1232 1888 1344 1954 Refert

151 2036 153 2040 ’
273 2038 353 2104 haec
381 2037 540 2103 Diodorus
564 2037 616 2121 (L.
639 2036 741 2121 XVI,
766 2035 843 2123 Oap.
869 2038 925 2121 66)
949 2036 990 2102 ad
1012 2037 1063 2102 Ol.
1088 2037 1222 2122 OVIII,
1245 2040 1283 2122 4,
1313 2060 1342 2104 a.

274 2185 310 2251 O.
353 2188 427 2252 345.
464 2186 583 2270 Addit,
618 2186 850 2252 Timoleontem
883 2188 1101 2273 septingentos
1132 2189 1343 2293 mercenarios

272 2335 479 2420 conduxisse,
513 2336 629 2422 quibus
662 2337 697 2402 in
728 2343 865 2423 quatuor
887 2359 985 2402 naves
1008 2337 1168 2402 onerarias
1187 2337 1343 2423 impositis

271 2492 337 2551 tres
360 2487 479 2552 celoces
503 2487 596 2551 classi
619 2485 743 2552 adiecit.
768 2486 860 2552 Bona
884 2509 957 2574 pars
983 2487 1250 2554 mercenariorum
1274 2493 1343 2553 erat

272 2657 314 2701 cx
347 2637 402 2721 iis,
438 2639 493 2723 qui
527 2637 610 2702 bello
646 2658 735 2703 sacro
758 2658 831 2702 cum
853 2636 1072 2703 Phocensibus
1097 2637 1254 2724 templum
1265 2636 1342 2702 Del·

273 2784 403 2871 phicum
427 2785 645 2871 diripuerant,
669 2786 788 2872 quique
810 2792 897 2870 tum,
920 2787 980 2852 toti
1003 2785 1157 2852 Graeciae
1183 2786 1224 2852 ob
1247 2787 1342 2851 sacri-

274 2936 394 3020 legium
430 2935 542 3018 invisi,
577 2957 634 3021 per
664 2934 919 3020 Peloponnesum
941 2934 1151 3021 vagabantur.
1176 2933 1225 3001 Of.
1248 2934 1343 3000 huius
1418 3007 1421 3014 ,

149 3173 151 3178 Ι
273 3082 371 3148 Vitae
394 3081 472 3169 Cap.
497 3082 599 3148 XXX
620 3089 653 3148 et
665 3083 782 3148 librum
794 3083 845 3148 De
859 3083 937 3150 Sera
948 3083 1046 3148 Num.
1058 3082 1156 3148 Vind.
1168 3105 1199 3169 p.
1214 3085 1286 3148 552.
1300 3121 1342 3131 -

273 3229 412 3317 Reliqua
445 3232 568 3315 omnia,
599 3253 682 3317 quae
705 3231 765 3296 hoc
786 3232 891 3319 capite
914 3231 1132 3310 continentur,
1157 3228 1251 3294 Diod.
1274 3231 1296 3294 l.
1319 3231 1340 3295 l.

272 3379 382 3444 eodem
404 3381 469 3446 iere
491 3379 584 3446 modo
606 3375 752 3464 enarrat,
774 3381 888 3445 itinere
908 3379 1113 3445 Timoleontis
1125 3378 1166 3444 ad
1178 3380 1341 3444 oraculum

272 3528 463 3616 Delphicum
486 3530 718 3616 praetermisso.

316 3825 392 3896 riam
415 3828 477 3910 γὰρ
501 3827 583 3910 ἱερὰν
605 3836 661 3909 τῆς
684 3831 779 3908 Ko'luc
801 3831 857 3908 τὴν
879 3824 1042 3910 Σικελίαν,
1063 3825 1130 3889 ἐπεὶ
1150 3827 1203 3889 καὶ
1216 3823 1257 3889 πα
1271 3827 1339 3905 περὶ

270 4027 465 4038 ...μ-...ιι--ιι

303 4170 330 4236 ⁴¹)
354 4169 391 4219 De
413 4171 466 4220 tota
490 4183 517 4218 re
542 4167 636 4232 inspice
658 4163 752 4215 librum
776 4162 805 4213 de
830 4161 981 4213 Timoleonte
1006 4159 1341 4226 eruditissimercriptuma

270 4298 294 4350 J.
313 4298 340 4348 F.
358 4295 381 4348 J.
399 4294 506 4348 Arnoldt
524 4293 690 4361 (Gumbinnae
709 4291 798 4358 1850),
815 4305 873 4357 pag.
890 4291 921 4340 38
939 4303 972 4340 ss.
