3342 5140
776 672 795 733 3

248 901 280 958 et
315 895 574 983 Polyperchonte
610 897 731 961 ooeisus
766 902 833 980 est,
868 902 904 962 ut
938 897 1025 962 fama
1046 898 1188 983 ferebat,
1211 898 1322 964 eodem

250 1045 406 1130 pugione,
438 1065 501 1130 quo
524 1045 661 1110 Dionem
684 1045 901 1111 transfixerat.
924 1043 1042 1112 Pulsus
1064 1051 1134 1112 erat
1157 1045 1323 1135 Oallippus

252 1191 419 1279 Syrasusis
443 1193 494 1259 Ol.
519 1193 618 1278 OVI,
642 1196 680 1278 4,
703 1216 732 1260 a.
756 1194 793 1260 Ο.
818 1197 881 1260 353
905 1193 1013 1279 (Diod.
1036 1193 1323 1282 XVI,'36)eique

252 1343 285 1406 in
309 1340 479 1427 tyrannide
504 1347 698 1406 successerat
716 1340 1324 1428 Hipparinus,Dionysiifratereodem

254 1495 345 1576 patre
367 1495 462 1554 natus
485 1489 607 1574 (ibid),
632 1491 687 1576 qui
708 1511 765 1577 per
788 1490 867 1556 duos
888 1512 987 1556 annos
1010 1511 1145 1577 regnum
1169 1481 1325 1576 obtinuit,

64 1647 67 1654 '
187 1713 191 1720 ¹
255 1659 357 1724 usque
383 1603 430 1703 ,d
465 1637 515 1704 Ol.
538 1637 666 1736 CVII,
701 1642 721 1704 2
756 1640 799 1724 (a.
824 1639 860 1706 Ο.
885 1643 973 1725 351).
997 1639 1076 1706 Post
1099 1641 1166 1706 eius
1189 1646 1325 1707 mortem

254 1787 458 1874 tyrannidem
493 1787 628 1874 adeptus
660 1793 709 1854 est
740 1748 905 1876 Nysaeus,
933 1790 1032 1856 frater
1054 1790 1122 1855 eius
1145 1752 1326 1870 ὃμουτάτμος

258 1909 312 2000 sal
350 1935 548 2022 ὁμομήτριος,
578 1937 758 2022 ΙυἰιοοΙοοολίκ
779 1958 817 2002 ao
840 1937 1025 2003 libidinibus
1048 1939 1188 2004 famosus
1210 1938 1264 2024 (el.
1287 1938 1327 2004 de

256 2107 293 2152 eo
317 2083 523 2152 Athenaeum
547 2085 637 2170 LX,
660 2107 691 2171 p.
716 2087 780 2150 435
805 2087 864 2170 a),
888 2107 1000 2172 quem,
1024 2092 1061 2152 ut
1083 2085 1118 2151 in
1139 2085 1200 2152 hoo
1222 2085 1327 2172 eapite

256 2234 409 2320 legimus,
445 2234 619 2320 Dionysius
654 2230 714 2296 έτεν
739 2230 879 2318 δεκοὶτῳ,
904 2255 980 2320 ergo
1003 2233 1054 2300 01.
1079 2233 1212 2319 CVIII,
1238 2236 1276 2320 3,
1298 2255 1330 2304 a.

258 2380 294 2446 Ο.
332 2383 395 2446 346
432 2381 505 2446 sede
536 2381 658 2468 depulit
688 2387 786 2468 atque
808 2384 927 2448 iterum
950 2404 1085 2470 regnare
1107 2383 1220 2470 eoepit.
1245 2381 1331 2448 Nam

258 2531 385 2617 fugerat
418 2531 453 2596 in
488 2531 618 2596 Italiam
642 2531 693 2597 Ol.
722 2531 818 2618 OVI,
845 2536 883 2618 1,
909 2555 938 2599 a.
966 2532 1002 2600 O.
1026 2534 1107 2617 356,
1131 2532 1181 2598 uti
1202 2537 1333 2620 patete

259 2679 353 2746 Diod.
377 2679 415 2746 L.
439 2679 542 2766 XVI,
568 2680 646 2766 Cap.
673 2683 723 2745 17.

305 2978 422 3056 βελτίω
446 2979 503 3057 μέν
527 2979 641 3053 οὐδενὸς
665 2979 738 3044 dara
763 2983 824 3044 τῶν
848 2977 1097 3058 ὁμολογουμένως
1120 2979 1334 3060 συκοφαντῶν.

263 3129 376 3196 Scribe
409 3129 659 3209 ὁμολογουμένων
692 3129 844 3196 adverbio
866 3129 900 3193 in
924 3127 1118 3194 adieetivum
1140 3132 1274 3192 mutato.
1298 3124 1338 3190 In

263 3279 324 3344 hoe
358 3279 514 3345 vocabulo
550 3280 674 3346 librarii
710 3279 823 3345 turbas
849 3276 925 3343 dare
946 3277 1047 3343 solent
1071 3279 1161 3361 (nota
1184 3296 1235 3342 res
1257 3275 1340 3359 est),

265 3430 349 3495 siout
390 3430 423 3494 in
457 3429 621 3497 adieetivis
662 3392 813 3514 ἄκμονος,
846 3424 1045 3504 αὐτόματος,
1083 3421 1222 3506 ἄκριτος,
1257 3443 1340 3509 quoe

266 3584 395 3646 tantum
419 3599 484 3644 non
506 3579 625 3666 ubique
649 3579 683 3644 in
706 3577 859 3644 adverbia
882 3576 1039 3662 refingere
1061 3575 1173 3640 solent.
1198 3570 1252 3636 Ad
1269 3591 1341 3636 nos·

266 3734 353 3794 trum
387 3727 579 3795 vocabulum
615 3727 654 3793 of.
689 3749 716 3793 e.
752 3748 783 3813 g.
817 3727 923 3792 locum
959 3745 977 3790 e
1008 3720 1231 3809 Xenophontis
1253 3717 1341 3784 Hist.

272 3875 329 3944 Gr.
354 3875 411 3960 II,
436 3879 466 3961 3,
487 3877 528 3940 38
553 3875 587 3940 in
610 3875 791 3941 defensione
813 3873 1041 3940 Theramenis:
1066 3869 1161 3952 μέχρι
1181 3872 1341 3934 -τοῠ-

266 4023 338 4100 robe
359 4023 718 4104 ὁμολογουμένους
739 4028 936 4107 συκοφάνταις
950 4020 1141 4101 ὑπάγεσθαι.
1155 4021 1207 4087 Sic
1219 4040 1345 4107 quoque

268 4197 299 4242 v.
340 4197 367 4240 e.
405 4175 490 4262 apud
527 4175 657 4241 Diodor.
693 4176 732 4241 L.
756 4174 858 4242 XVI.
883 4174 962 4261 Cap.
988 4176 1028 4239 79
1052 4171 1092 4238 ab
1116 4172 1204 4237 init:
1229 4159 1292 4234 τῶν
1313 4168 1344 4234 δέ

277 4321 472 4407 μισθοφόρων
497 4323 567 4399 τοὺς
591 4323 702 4403 λόγους
726 4323 866 4403 ἁσμένως
889 4321 1077 4404 δεχομένων,
1101 4323 1172 4407 lege
1194 4317 1344 4400 deatum,
