<?xml version="1.0" encoding="UTF-8"?>
<!DOCTYPE html PUBLIC "-//W3C//DTD XHTML 1.0 Transitional//EN"
    "http://www.w3.org/TR/xhtml1/DTD/xhtml1-transitional.dtd">
<html xmlns="http://www.w3.org/1999/xhtml" xml:lang="en" lang="en">
 <head>
  <title>
</title>
<meta http-equiv="Content-Type" content="text/html;charset=utf-8" />
  <meta name='ocr-system' content='tesseract 3.04.00' />
  <meta name='ocr-capabilities' content='ocr_page ocr_carea ocr_par ocr_line ocrx_word'/>
</head>
<body>
  <div class='ocr_page' id='page_1' title='image "./observationesin00hartgoog/observationesin00hartgoog_0045.png"; bbox 0 0 3342 5140; ppageno 0'>
   <div class='ocr_carea' id='block_1_1' title="bbox 852 619 894 678">
    <p class='ocr_par' dir='ltr' id='par_1_1' title="bbox 852 619 894 678">
     <span class='ocr_line' id='line_1_1' title="bbox 852 619 894 678; baseline -0.048 0"><span class='ocrx_word' id='word_1_1' title='bbox 852 619 894 678; x_wconf 80' lang='lat'><strong>28</strong></span> 
     </span>
    </p>
   </div>
   <div class='ocr_carea' id='block_1_2' title="bbox 334 837 1406 922">
    <p class='ocr_par' dir='ltr' id='par_1_2' title="bbox 334 837 1406 922">
     <span class='ocr_line' id='line_1_2' title="bbox 334 837 1406 922; baseline 0.004 -22"><span class='ocrx_word' id='word_1_2' title='bbox 334 837 459 917; x_wconf 70' lang='grc' dir='ltr'><em>πλήρεος</em></span> <span class='ocrx_word' id='word_1_3' title='bbox 490 837 645 922; x_wconf 75' lang='grc' dir='ltr'><em>ἐγένοντο,</em></span> <span class='ocrx_word' id='word_1_4' title='bbox 681 845 856 914; x_wconf 67' lang='grc' dir='ltr'><em>κεντοῦντες</em></span> <span class='ocrx_word' id='word_1_5' title='bbox 890 841 947 906; x_wconf 76' lang='grc' dir='ltr'><strong>ὑπὸ</strong></span> <span class='ocrx_word' id='word_1_6' title='bbox 980 840 1049 915; x_wconf 73' lang='grc' dir='ltr'><strong>τοὺ,1</strong></span> <span class='ocrx_word' id='word_1_7' title='bbox 1074 845 1134 906; x_wconf 86' lang='grc' dir='ltr'><em>τῶν</em></span> <span class='ocrx_word' id='word_1_8' title='bbox 1157 847 1267 922; x_wconf 77' lang='grc' dir='ltr'><em>χειρῶν</em></span> <span class='ocrx_word' id='word_1_9' title='bbox 1291 839 1406 921; x_wconf 78' lang='grc' dir='ltr'><em>ἕννχοος</em></span> 
     </span>
    </p>
   </div>
   <div class='ocr_carea' id='block_1_3' title="bbox 333 984 1406 1078">
    <p class='ocr_par' dir='ltr' id='par_1_3' title="bbox 333 984 1406 1078">
     <span class='ocr_line' id='line_1_3' title="bbox 333 984 1406 1078; baseline 0.008 -31"><span class='ocrx_word' id='word_1_10' title='bbox 333 984 480 1064; x_wconf 58' lang='lat' dir='ltr'><strong>cesana·</strong></span> <span class='ocrx_word' id='word_1_11' title='bbox 517 989 636 1052; x_wconf 71' lang='grc' dir='ltr'><em>ἀνεῖλον</em></span> <span class='ocrx_word' id='word_1_12' title='bbox 671 989 794 1064; x_wconf 61' lang='grc' dir='ltr'><em>αὐτούς.</em></span> <span class='ocrx_word' id='word_1_13' title='bbox 820 991 869 1056; x_wconf 86' lang='lat' dir='ltr'><strong>Nc</strong></span> <span class='ocrx_word' id='word_1_14' title='bbox 894 992 1042 1056; x_wconf 89' lang='lat' dir='ltr'><strong>inanimis</strong></span> <span class='ocrx_word' id='word_1_15' title='bbox 1069 991 1197 1077; x_wconf 87' lang='lat' dir='ltr'><strong>quidem</strong></span> <span class='ocrx_word' id='word_1_16' title='bbox 1221 992 1406 1078; x_wconf 78' lang='lat' dir='ltr'><strong>corporibus</strong></span> 
     </span>
    </p>
   </div>
   <div class='ocr_carea' id='block_1_4' title="bbox 334 1127 1407 1223">
    <p class='ocr_par' dir='ltr' id='par_1_4' title="bbox 334 1127 1407 1223">
     <span class='ocr_line' id='line_1_4' title="bbox 334 1127 1407 1223; baseline 0.005 -26"><span class='ocrx_word' id='word_1_17' title='bbox 334 1134 382 1198; x_wconf 85' lang='lat' dir='ltr'><strong>ira</strong></span> <span class='ocrx_word' id='word_1_18' title='bbox 404 1127 573 1220; x_wconf 65' lang='lat' dir='ltr'><strong>&#39;p&#39;cpcrcit3</strong></span> <span class='ocrx_word' id='word_1_19' title='bbox 608 1160 746 1223; x_wconf 88' lang='lat' dir='ltr'><strong>namque</strong></span> <span class='ocrx_word' id='word_1_20' title='bbox 779 1136 1030 1212; x_wconf 66' lang='grc' dir='ltr'><em>τελευτησάντων</em></span> <span class='ocrx_word' id='word_1_21' title='bbox 1064 1137 1105 1201; x_wconf 76' lang='grc' dir='ltr'><em>τοὶ</em></span> <span class='ocrx_word' id='word_1_22' title='bbox 1132 1139 1189 1215; x_wconf 82' lang='grc' dir='ltr'><strong>μὲν</strong></span> <span class='ocrx_word' id='word_1_23' title='bbox 1212 1140 1291 1202; x_wconf 69' lang='lat' dir='ltr'><strong>dorsi</strong></span> <span class='ocrx_word' id='word_1_24' title='bbox 1315 1137 1407 1202; x_wconf 77' lang='grc' dir='ltr'><em>κοτέ-</em></span> 
     </span>
    </p>
   </div>
   <div class='ocr_carea' id='block_1_5' title="bbox 333 1279 1409 1966">
    <p class='ocr_par' dir='ltr' id='par_1_5' title="bbox 333 1279 1409 1966">
     <span class='ocr_line' id='line_1_5' title="bbox 334 1279 1406 1382; baseline 0.006 -36"><span class='ocrx_word' id='word_1_25' title='bbox 334 1287 433 1361; x_wconf 73' lang='grc' dir='ltr'><em>κοφοον</em></span> <span class='ocrx_word' id='word_1_26' title='bbox 463 1282 493 1345; x_wconf 81' lang='grc' dir='ltr'><strong>ἐν</strong></span> <span class='ocrx_word' id='word_1_27' title='bbox 517 1279 639 1367; x_wconf 64' lang='lat' dir='ltr'><strong>dapar,</strong></span> <span class='ocrx_word' id='word_1_28' title='bbox 662 1285 704 1349; x_wconf 71' lang='grc' dir='ltr'><em>τοὶ</em></span> <span class='ocrx_word' id='word_1_29' title='bbox 729 1285 759 1348; x_wconf 76' lang='grc' dir='ltr'><strong>δὲ</strong></span> <span class='ocrx_word' id='word_1_30' title='bbox 785 1287 880 1350; x_wconf 73' lang='grc' dir='ltr'><em>λοιποὶ</em></span> <span class='ocrx_word' id='word_1_31' title='bbox 908 1293 1186 1382; x_wconf 75' lang='grc' dir='ltr'><em>κρεονομησοίμενοο</em></span> <span class='ocrx_word' id='word_1_32' title='bbox 1212 1285 1406 1365; x_wconf 74' lang='grc' dir='ltr'><em>ἐτνροὶσοοντο</em></span> 
     </span>
     <span class='ocr_line' id='line_1_6' title="bbox 335 1429 1407 1514; baseline 0.004 -20"><span class='ocrx_word' id='word_1_33' title='bbox 335 1429 450 1505; x_wconf 68' lang='grc' dir='ltr'><em>ποέντες</em></span> <span class='ocrx_word' id='word_1_34' title='bbox 485 1441 549 1508; x_wconf 75' lang='grc' dir='ltr'><strong>τοῖ,ι</strong></span> <span class='ocrx_word' id='word_1_35' title='bbox 581 1434 624 1510; x_wconf 68' lang='grc' dir='ltr'><strong>μὴ</strong></span> <span class='ocrx_word' id='word_1_36' title='bbox 658 1434 860 1511; x_wconf 58' lang='grc' dir='ltr'><em>σκεπτομένου</em></span> <span class='ocrx_word' id='word_1_37' title='bbox 883 1435 994 1497; x_wconf 64' lang='lat' dir='ltr'><strong>sicar·</strong></span> <span class='ocrx_word' id='word_1_38' title='bbox 1020 1430 1092 1500; x_wconf 65' lang='lat' dir='ltr'><strong>disc</strong></span> <span class='ocrx_word' id='word_1_39' title='bbox 1117 1435 1189 1514; x_wconf 64' lang='grc' dir='ltr'><strong>πρὸς</strong></span> <span class='ocrx_word' id='word_1_40' title='bbox 1213 1439 1268 1514; x_wconf 78' lang='grc' dir='ltr'><em>τὴν</em></span> <span class='ocrx_word' id='word_1_41' title='bbox 1290 1433 1407 1498; x_wconf 70' lang='lat' dir='ltr'><strong>riudam</strong></span> 
     </span>
     <span class='ocr_line' id='line_1_7' title="bbox 333 1577 1407 1664; baseline 0.005 -23"><span class='ocrx_word' id='word_1_42' title='bbox 333 1577 411 1659; x_wconf 73' lang='grc' dir='ltr'><em>ἀρὰν</em></span> <span class='ocrx_word' id='word_1_43' title='bbox 434 1581 613 1653; x_wconf 72' lang='grc' dir='ltr'><em>κοτήνεσοον</em></span> <span class='ocrx_word' id='word_1_44' title='bbox 637 1583 739 1646; x_wconf 84' lang='grc' dir='ltr'><em>αὐτῶν</em></span> <span class='ocrx_word' id='word_1_45' title='bbox 765 1586 822 1654; x_wconf 77' lang='grc' dir='ltr'><em>τὰς</em></span> <span class='ocrx_word' id='word_1_46' title='bbox 848 1590 980 1663; x_wconf 68' lang='grc' dir='ltr'><em>σάρκες,</em></span> <span class='ocrx_word' id='word_1_47' title='bbox 1005 1581 1040 1647; x_wconf 77' lang='grc' dir='ltr'><strong>ἵν’</strong></span> <span class='ocrx_word' id='word_1_48' title='bbox 1055 1585 1070 1658; x_wconf 73' lang='grc' dir='ltr'><em>ἦ</em></span> <span class='ocrx_word' id='word_1_49' title='bbox 1084 1581 1407 1664; x_wconf 71' lang='grc' dir='ltr'><em>τροφὴσοτοτονονμέ-</em></span> 
     </span>
     <span class='ocr_line' id='line_1_8' title="bbox 335 1728 1409 1814; baseline 0.007 -26"><span class='ocrx_word' id='word_1_50' title='bbox 335 1748 390 1788; x_wconf 84' lang='grc' dir='ltr'><strong>νων</strong></span> <span class='ocrx_word' id='word_1_51' title='bbox 422 1728 615 1814; x_wconf 65' lang='grc' dir='ltr'><em>κοοτεδεσθῇ,</em></span> <span class='ocrx_word' id='word_1_52' title='bbox 649 1731 690 1794; x_wconf 73' lang='grc' dir='ltr'><em>τοὶ</em></span> <span class='ocrx_word' id='word_1_53' title='bbox 726 1731 755 1795; x_wconf 78' lang='grc' dir='ltr'><strong>δὲ</strong></span> <span class='ocrx_word' id='word_1_54' title='bbox 786 1732 925 1812; x_wconf 76' lang='grc' dir='ltr'><em>λείψανα</em></span> <span class='ocrx_word' id='word_1_55' title='bbox 949 1731 1202 1796; x_wconf 80' lang='grc' dir='ltr'><em>κοοτετόντωσεον.</em></span> <span class='ocrx_word' id='word_1_56' title='bbox 1227 1731 1318 1807; x_wconf 82' lang='lat' dir='ltr'><strong>Quae</strong></span> <span class='ocrx_word' id='word_1_57' title='bbox 1341 1733 1409 1796; x_wconf 87' lang='lat' dir='ltr'><strong>fore</strong></span> 
     </span>
     <span class='ocr_line' id='line_1_9' title="bbox 334 1874 1407 1966; baseline 0.01 -30"><span class='ocrx_word' id='word_1_58' title='bbox 334 1874 445 1940; x_wconf 86' lang='lat' dir='ltr'><strong>iisdem</strong></span> <span class='ocrx_word' id='word_1_59' title='bbox 476 1879 581 1942; x_wconf 87' lang='lat' dir='ltr'><strong>verbis</strong></span> <span class='ocrx_word' id='word_1_60' title='bbox 611 1880 761 1965; x_wconf 81' lang='lat' dir='ltr'><strong>leguntur</strong></span> <span class='ocrx_word' id='word_1_61' title='bbox 783 1903 834 1966; x_wconf 89' lang='lat' dir='ltr'><strong>cp.</strong></span> <span class='ocrx_word' id='word_1_62' title='bbox 861 1879 1033 1946; x_wconf 83' lang='lat' dir='ltr'><strong>Aelianum</strong></span> <span class='ocrx_word' id='word_1_63' title='bbox 1057 1882 1136 1946; x_wconf 85' lang='lat' dir='ltr'><strong>Vor.</strong></span> <span class='ocrx_word' id='word_1_64' title='bbox 1161 1883 1247 1946; x_wconf 87' lang='lat' dir='ltr'><strong>Hist.</strong></span> <span class='ocrx_word' id='word_1_65' title='bbox 1273 1882 1311 1946; x_wconf 89' lang='lat' dir='ltr'><strong>L.</strong></span> <span class='ocrx_word' id='word_1_66' title='bbox 1337 1882 1407 1965; x_wconf 85' lang='lat' dir='ltr'><strong>IX,</strong></span> 
     </span>
    </p>
   </div>
   <div class='ocr_carea' id='block_1_6' title="bbox 335 2023 1300 2394">
    <p class='ocr_par' dir='ltr' id='par_1_6' title="bbox 335 2023 1300 2394">
     <span class='ocr_line' id='line_1_10' title="bbox 335 2023 1300 2116; baseline 0.008 -30"><span class='ocrx_word' id='word_1_67' title='bbox 335 2023 413 2109; x_wconf 79' lang='lat' dir='ltr'><strong>Cap.</strong></span> <span class='ocrx_word' id='word_1_68' title='bbox 436 2027 476 2106; x_wconf 85' lang='lat'><strong>8,</strong></span> <span class='ocrx_word' id='word_1_69' title='bbox 500 2047 540 2089; x_wconf 82' lang='lat' dir='ltr'><strong>cn</strong></span> <span class='ocrx_word' id='word_1_70' title='bbox 564 2027 673 2092; x_wconf 89' lang='lat' dir='ltr'><strong>codem</strong></span> <span class='ocrx_word' id='word_1_71' title='bbox 697 2028 873 2110; x_wconf 82' lang='lat' dir='ltr'><strong>Olcarcho,</strong></span> <span class='ocrx_word' id='word_1_72' title='bbox 895 2036 931 2093; x_wconf 91' lang='lat' dir='ltr'><strong>ut</strong></span> <span class='ocrx_word' id='word_1_73' title='bbox 957 2029 1105 2112; x_wconf 81' lang='lat' dir='ltr'><strong>videtur,</strong></span> <span class='ocrx_word' id='word_1_74' title='bbox 1131 2030 1300 2116; x_wconf 84' lang='lat' dir='ltr'><strong>descripta.</strong></span> 
     </span>
     <span class='ocr_line' id='line_1_11' title="bbox 747 2328 1005 2394; baseline 0.008 -2"><span class='ocrx_word' id='word_1_75' title='bbox 747 2328 860 2393; x_wconf 80' lang='lat' dir='ltr'><strong>eAP.</strong></span> <span class='ocrx_word' id='word_1_76' title='bbox 898 2328 1005 2394; x_wconf 85' lang='lat' dir='ltr'>XIV.</span> 
     </span>
    </p>
   </div>
   <div class='ocr_carea' id='block_1_7' title="bbox 259 2623 1406 4189">
    <p class='ocr_par' dir='ltr' id='par_1_7' title="bbox 259 2623 1406 4189">
     <span class='ocr_line' id='line_1_12' title="bbox 378 2623 1406 2712; baseline 0.003 -24"><span class='ocrx_word' id='word_1_77' title='bbox 378 2623 451 2688; x_wconf 93' lang='lat' dir='ltr'><strong>Hoc</strong></span> <span class='ocrx_word' id='word_1_78' title='bbox 482 2625 586 2710; x_wconf 84' lang='lat' dir='ltr'><strong>capite</strong></span> <span class='ocrx_word' id='word_1_79' title='bbox 608 2630 640 2690; x_wconf 87' lang='lat' dir='ltr'><strong>ct</strong></span> <span class='ocrx_word' id='word_1_80' title='bbox 664 2626 808 2712; x_wconf 80' lang='lat' dir='ltr'>sequenti</span> <span class='ocrx_word' id='word_1_81' title='bbox 832 2626 1027 2690; x_wconf 82' lang='lat' dir='ltr'><strong>Plutarchus</strong></span> <span class='ocrx_word' id='word_1_82' title='bbox 1049 2647 1222 2690; x_wconf 87' lang='lat' dir='ltr'><strong>excursum</strong></span> <span class='ocrx_word' id='word_1_83' title='bbox 1246 2625 1343 2690; x_wconf 86' lang='lat' dir='ltr'><strong>habet</strong></span> <span class='ocrx_word' id='word_1_84' title='bbox 1366 2625 1406 2691; x_wconf 89' lang='lat' dir='ltr'><strong>de</strong></span> 
     </span>
     <span class='ocr_line' id='line_1_13' title="bbox 334 2769 1404 2857; baseline 0.002 -23"><span class='ocrx_word' id='word_1_85' title='bbox 334 2769 489 2857; x_wconf 89' lang='lat' dir='ltr'><strong>Dionysio</strong></span> <span class='ocrx_word' id='word_1_86' title='bbox 510 2773 615 2836; x_wconf 79' lang='lat' dir='ltr'><strong>exule.</strong></span> <span class='ocrx_word' id='word_1_87' title='bbox 639 2771 712 2836; x_wconf 86' lang='lat' dir='ltr'><strong>Non</strong></span> <span class='ocrx_word' id='word_1_88' title='bbox 736 2773 838 2836; x_wconf 88' lang='lat' dir='ltr'><strong>multa</strong></span> <span class='ocrx_word' id='word_1_89' title='bbox 861 2771 899 2836; x_wconf 93' lang='lat' dir='ltr'><strong>de</strong></span> <span class='ocrx_word' id='word_1_90' title='bbox 923 2772 1034 2836; x_wconf 86' lang='lat' dir='ltr'><strong>cadom</strong></span> <span class='ocrx_word' id='word_1_91' title='bbox 1058 2794 1092 2836; x_wconf 88' lang='lat' dir='ltr'><strong>ro</strong></span> <span class='ocrx_word' id='word_1_92' title='bbox 1116 2771 1214 2836; x_wconf 86' lang='lat' dir='ltr'><strong>tradit</strong></span> <span class='ocrx_word' id='word_1_93' title='bbox 1228 2771 1404 2854; x_wconf 88' lang='lat' dir='ltr'><strong>Diodorus;</strong></span> 
     </span>
     <span class='ocr_line' id='line_1_14' title="bbox 334 2917 1405 3014; baseline 0 -30"><span class='ocrx_word' id='word_1_94' title='bbox 334 2919 444 2984; x_wconf 78' lang='lat' dir='ltr'><strong>scribit</strong></span> <span class='ocrx_word' id='word_1_95' title='bbox 468 2926 593 2984; x_wconf 90' lang='lat' dir='ltr'><strong>tantum</strong></span> <span class='ocrx_word' id='word_1_96' title='bbox 617 2918 695 3005; x_wconf 80' lang='lat' dir='ltr'><strong>Cap.</strong></span> <span class='ocrx_word' id='word_1_97' title='bbox 721 2921 779 3003; x_wconf 78' lang='lat'><strong>70,</strong></span> <span class='ocrx_word' id='word_1_98' title='bbox 802 2940 876 2984; x_wconf 91' lang='lat' dir='ltr'><strong>eum</strong></span> <span class='ocrx_word' id='word_1_99' title='bbox 900 2920 994 2984; x_wconf 90' lang='lat' dir='ltr'><strong>certis</strong></span> <span class='ocrx_word' id='word_1_100' title='bbox 1011 2919 1137 3004; x_wconf 85' lang='lat' dir='ltr'><strong>legibus</strong></span> <span class='ocrx_word' id='word_1_101' title='bbox 1149 2917 1307 2984; x_wconf 91' lang='lat' dir='ltr'><strong>deditione</strong></span> <span class='ocrx_word' id='word_1_102' title='bbox 1320 2919 1405 3014; x_wconf 69' lang='lat' dir='ltr'><strong>lacta</strong></span> 
     </span>
     <span class='ocr_line' id='line_1_15' title="bbox 333 3065 1404 3153; baseline -0.001 -21"><span class='ocrx_word' id='word_1_103' title='bbox 333 3068 367 3132; x_wconf 93' lang='lat' dir='ltr'><strong>in</strong></span> <span class='ocrx_word' id='word_1_104' title='bbox 401 3066 657 3153; x_wconf 80' lang='lat' dir='ltr'><strong>Peloponnesum</strong></span> <span class='ocrx_word' id='word_1_105' title='bbox 689 3067 805 3132; x_wconf 85' lang='lat' dir='ltr'><strong>abiisse</strong></span> <span class='ocrx_word' id='word_1_106' title='bbox 838 3065 953 3146; x_wconf 75' lang='grc' dir='ltr'><em>ἔχοντο</em></span> <span class='ocrx_word' id='word_1_107' title='bbox 988 3069 1029 3130; x_wconf 81' lang='grc' dir='ltr'><em>τὰ</em></span> <span class='ocrx_word' id='word_1_108' title='bbox 1064 3065 1124 3130; x_wconf 74' lang='grc' dir='ltr'><em>ἴδιοι</em></span> <span class='ocrx_word' id='word_1_109' title='bbox 1161 3066 1335 3149; x_wconf 70' lang='grc' dir='ltr'><em>χρήματα,</em></span> <span class='ocrx_word' id='word_1_110' title='bbox 1372 3072 1404 3131; x_wconf 88' lang='lat' dir='ltr'><strong>ct</strong></span> 
     </span>
     <span class='ocr_line' id='line_1_16' title="bbox 333 3213 1404 3302; baseline -0.003 -22"><span class='ocrx_word' id='word_1_111' title='bbox 333 3216 429 3302; x_wconf 85' lang='lat' dir='ltr'><strong>paulo</strong></span> <span class='ocrx_word' id='word_1_112' title='bbox 461 3216 559 3280; x_wconf 87' lang='lat' dir='ltr'><strong>infra:</strong></span> <span class='ocrx_word' id='word_1_113' title='bbox 592 3213 782 3292; x_wconf 78' lang='grc' dir='ltr'><em>κατεβίωσεν</em></span> <span class='ocrx_word' id='word_1_114' title='bbox 806 3213 1008 3294; x_wconf 76' lang='grc' dir='ltr'><strong>οέοτορούμενο,1</strong></span> <span class='ocrx_word' id='word_1_115' title='bbox 1032 3216 1062 3277; x_wconf 80' lang='grc' dir='ltr'><strong>ἐν</strong></span> <span class='ocrx_word' id='word_1_116' title='bbox 1084 3213 1227 3294; x_wconf 64' lang='grc' dir='ltr'><em>Κορίνθῳ.</em></span> <span class='ocrx_word' id='word_1_117' title='bbox 1251 3215 1315 3279; x_wconf 89' lang='lat' dir='ltr'><strong>Hic</strong></span> <span class='ocrx_word' id='word_1_118' title='bbox 1339 3215 1404 3278; x_wconf 92' lang='lat' dir='ltr'><strong>illic</strong></span> 
     </span>
     <span class='ocr_line' id='line_1_17' title="bbox 333 3362 1403 3450; baseline -0.002 -22"><span class='ocrx_word' id='word_1_119' title='bbox 333 3363 419 3450; x_wconf 84' lang='lat' dir='ltr'><strong>opud</strong></span> <span class='ocrx_word' id='word_1_120' title='bbox 449 3364 617 3448; x_wconf 84' lang='lat' dir='ltr'><strong>scriptores</strong></span> <span class='ocrx_word' id='word_1_121' title='bbox 646 3362 807 3448; x_wconf 81' lang='lat' dir='ltr'><strong>dispersae</strong></span> <span class='ocrx_word' id='word_1_122' title='bbox 830 3369 904 3427; x_wconf 92' lang='lat' dir='ltr'><strong>snut</strong></span> <span class='ocrx_word' id='word_1_123' title='bbox 926 3363 1059 3428; x_wconf 87' lang='lat' dir='ltr'><strong>notitiae</strong></span> <span class='ocrx_word' id='word_1_124' title='bbox 1082 3362 1121 3426; x_wconf 94' lang='lat' dir='ltr'><strong>de</strong></span> <span class='ocrx_word' id='word_1_125' title='bbox 1145 3362 1274 3448; x_wconf 82' lang='lat' dir='ltr'><strong>tyranni</strong></span> <span class='ocrx_word' id='word_1_126' title='bbox 1297 3363 1403 3427; x_wconf 86' lang='lat' dir='ltr'><strong>exilio.</strong></span> 
     </span>
     <span class='ocr_line' id='line_1_18' title="bbox 333 3509 1403 3596; baseline 0 -22"><span class='ocrx_word' id='word_1_127' title='bbox 333 3509 438 3575; x_wconf 87' lang='lat' dir='ltr'><strong>Multa</strong></span> <span class='ocrx_word' id='word_1_128' title='bbox 471 3517 503 3574; x_wconf 93' lang='lat' dir='ltr'><strong>et</strong></span> <span class='ocrx_word' id='word_1_129' title='bbox 527 3511 594 3574; x_wconf 86' lang='lat' dir='ltr'><strong>sins</strong></span> <span class='ocrx_word' id='word_1_130' title='bbox 618 3509 714 3574; x_wconf 88' lang='lat' dir='ltr'><strong>dubio</strong></span> <span class='ocrx_word' id='word_1_131' title='bbox 736 3511 894 3576; x_wconf 85' lang='lat' dir='ltr'><strong>rhetorice</strong></span> <span class='ocrx_word' id='word_1_132' title='bbox 917 3512 1113 3596; x_wconf 84' lang='lat' dir='ltr'><strong>amplificata</strong></span> <span class='ocrx_word' id='word_1_133' title='bbox 1135 3510 1234 3575; x_wconf 85' lang='lat' dir='ltr'><strong>habet</strong></span> <span class='ocrx_word' id='word_1_134' title='bbox 1259 3510 1403 3574; x_wconf 89' lang='lat' dir='ltr'><strong>Iustinus</strong></span> 
     </span>
     <span class='ocr_line' id='line_1_19' title="bbox 259 3657 1404 3744; baseline 0 -22"><span class='ocrx_word' id='word_1_135' title='bbox 259 3685 261 3689; x_wconf 93' lang='lat'>·</span> <span class='ocrx_word' id='word_1_136' title='bbox 333 3657 372 3722; x_wconf 90' lang='lat' dir='ltr'><strong>L.</strong></span> <span class='ocrx_word' id='word_1_137' title='bbox 406 3657 508 3741; x_wconf 85' lang='lat' dir='ltr'>XXI,</span> <span class='ocrx_word' id='word_1_138' title='bbox 544 3657 622 3744; x_wconf 79' lang='lat' dir='ltr'><strong>Gap.</strong></span> <span class='ocrx_word' id='word_1_139' title='bbox 658 3661 694 3724; x_wconf 88' lang='lat'><strong>5:</strong></span> <span class='ocrx_word' id='word_1_140' title='bbox 733 3657 953 3743; x_wconf 82' lang='lat' dir='ltr'><strong>„(Dionysins)</strong></span> <span class='ocrx_word' id='word_1_141' title='bbox 977 3658 1119 3744; x_wconf 92' lang='lat' dir='ltr'><strong>deposito</strong></span> <span class='ocrx_word' id='word_1_142' title='bbox 1142 3659 1275 3744; x_wconf 92' lang='lat' dir='ltr'><strong>imperio</strong></span> <span class='ocrx_word' id='word_1_143' title='bbox 1298 3678 1404 3722; x_wconf 87' lang='lat' dir='ltr'><strong>arcem</strong></span> 
     </span>
     <span class='ocr_line' id='line_1_20' title="bbox 333 3804 1403 3892; baseline 0.001 -23"><span class='ocrx_word' id='word_1_144' title='bbox 333 3805 562 3892; x_wconf 81' lang='lat' dir='ltr'><strong>Syracusanis”</strong></span> <span class='ocrx_word' id='word_1_145' title='bbox 596 3807 670 3889; x_wconf 90' lang='lat' dir='ltr'><strong>(hoc</strong></span> <span class='ocrx_word' id='word_1_146' title='bbox 703 3813 788 3871; x_wconf 89' lang='lat' dir='ltr'><strong>certe</strong></span> <span class='ocrx_word' id='word_1_147' title='bbox 822 3808 951 3890; x_wconf 81' lang='lat' dir='ltr'><strong>falsum)</strong></span> <span class='ocrx_word' id='word_1_148' title='bbox 990 3829 1081 3888; x_wconf 86' lang='lat' dir='ltr'><strong>„cum</strong></span> <span class='ocrx_word' id='word_1_149' title='bbox 1104 3807 1248 3870; x_wconf 84' lang='lat' dir='ltr'><strong>exercitu</strong></span> <span class='ocrx_word' id='word_1_150' title='bbox 1272 3804 1403 3870; x_wconf 82' lang='lat' dir='ltr'><strong>tradidit</strong></span> 
     </span>
     <span class='ocr_line' id='line_1_21' title="bbox 331 3953 1402 4041; baseline -0.002 -23"><span class='ocrx_word' id='word_1_151' title='bbox 331 3961 521 4041; x_wconf 88' lang='lat' dir='ltr'><strong>receptoque</strong></span> <span class='ocrx_word' id='word_1_152' title='bbox 561 3954 686 4040; x_wconf 86' lang='lat' dir='ltr'><strong>privato</strong></span> <span class='ocrx_word' id='word_1_153' title='bbox 727 3955 939 4018; x_wconf 90' lang='lat' dir='ltr'><strong>instrumento</strong></span> <span class='ocrx_word' id='word_1_154' title='bbox 976 3953 1166 4018; x_wconf 77' lang='lat' dir='ltr'><strong>Corinthum</strong></span> <span class='ocrx_word' id='word_1_155' title='bbox 1201 3955 1234 4017; x_wconf 95' lang='lat' dir='ltr'><strong>in</strong></span> <span class='ocrx_word' id='word_1_156' title='bbox 1269 3953 1402 4018; x_wconf 83' lang='lat' dir='ltr'><strong>exilium</strong></span> 
     </span>
     <span class='ocr_line' id='line_1_22' title="bbox 332 4101 1400 4189; baseline -0.003 -23"><span class='ocrx_word' id='word_1_157' title='bbox 332 4103 550 4189; x_wconf 89' lang='lat' dir='ltr'><strong>proficiscitur.</strong></span> <span class='ocrx_word' id='word_1_158' title='bbox 581 4101 633 4166; x_wconf 91' lang='lat' dir='ltr'><strong>Ibi</strong></span> <span class='ocrx_word' id='word_1_159' title='bbox 655 4101 835 4168; x_wconf 89' lang='lat' dir='ltr'><strong>humillima</strong></span> <span class='ocrx_word' id='word_1_160' title='bbox 858 4125 1003 4189; x_wconf 84' lang='lat' dir='ltr'><strong>quaeque</strong></span> <span class='ocrx_word' id='word_1_161' title='bbox 1027 4103 1188 4168; x_wconf 90' lang='lat' dir='ltr'><strong>tutissima</strong></span> <span class='ocrx_word' id='word_1_162' title='bbox 1210 4101 1400 4167; x_wconf 85' lang='lat' dir='ltr'><strong>existimans</strong></span> 
     </span>
    </p>
   </div>
   <div class='ocr_carea' id='block_1_8' title="bbox 332 4250 1403 4337">
    <p class='ocr_par' dir='ltr' id='par_1_8' title="bbox 332 4250 1403 4337">
     <span class='ocr_line' id='line_1_23' title="bbox 332 4250 1403 4337; baseline -0.003 -20"><span class='ocrx_word' id='word_1_163' title='bbox 332 4251 365 4317; x_wconf 91' lang='lat' dir='ltr'><strong>in</strong></span> <span class='ocrx_word' id='word_1_164' title='bbox 388 4251 637 4316; x_wconf 88' lang='lat' dir='ltr'><strong>sordidissimum</strong></span> <span class='ocrx_word' id='word_1_165' title='bbox 661 4251 747 4318; x_wconf 82' lang='lat' dir='ltr'><strong>vitae</strong></span> <span class='ocrx_word' id='word_1_166' title='bbox 769 4273 869 4337; x_wconf 85' lang='lat' dir='ltr'><strong>genus</strong></span> <span class='ocrx_word' id='word_1_167' title='bbox 893 4253 1070 4318; x_wconf 87' lang='lat' dir='ltr'><strong>descondit:</strong></span> <span class='ocrx_word' id='word_1_168' title='bbox 1096 4273 1159 4317; x_wconf 92' lang='lat' dir='ltr'><strong>non</strong></span> <span class='ocrx_word' id='word_1_169' title='bbox 1182 4257 1350 4317; x_wconf 86' lang='lat' dir='ltr'><strong>contentus</strong></span> <span class='ocrx_word' id='word_1_170' title='bbox 1369 4250 1403 4314; x_wconf 93' lang='lat' dir='ltr'><strong>in</strong></span> 
     </span>
    </p>
   </div>
   <div class='ocr_carea' id='block_1_9' title="bbox 0 0 1676 5140">
    <p class='ocr_par' dir='ltr' id='par_1_9' title="bbox 0 0 1676 5140">
     <span class='ocr_line' id='line_1_24' title="bbox 0 0 1676 5140; baseline 0 0"><span class='ocrx_word' id='word_1_171' title='bbox 0 0 1676 5140; x_wconf 95' lang='lat' dir='ltr'><strong> </strong></span> 
     </span>
    </p>
   </div>
  </div>
 </body>
</html>
