3342 5140
351 825 470 891 Contra
492 824 667 890 Plutarcho
690 831 820 890 auctore
843 826 947 910 prima
959 825 1044 891 facta
1055 832 1103 891 est
1116 825 1234 892 deditio
1247 825 1376 891 Insulae

307 974 401 1062 (Gap.
443 973 564 1057 XIII),
598 978 668 1037 tum
702 960 821 1059 exigua
854 995 968 1037 manus
1004 973 1260 1056 Corinthiorum,
1295 993 1377 1058 quae

307 1123 418 1189 Neone
450 1122 530 1187 duce
552 1123 618 1186 arci
642 1120 835 1206 Insulaeque
858 1120 1017 1206 praesidio
1042 1127 1127 1204 erat,
1152 1128 1282 1208 propter
1306 1121 1377 1185 hos·

307 1271 389 1337 tium
430 1270 604 1335 socordiam
637 1270 805 1355 repentina
840 1270 1007 1354 eruptione
1040 1270 1125 1334 facta
1160 1269 1378 1334 Achradinam

308 1424 442 1505 occupat
464 1418 557 1504 (Cap.
581 1417 736 1502 XVIII),
762 1417 892 1483 tandem
917 1424 988 1503 post
1013 1416 1186 1482 discessum
1210 1417 1377 1506 Magonis,

310 1567 399 1634 ducis
433 1567 634 1650 Poenorum,
671 1566 835 1631 Timoleon
870 1566 1082 1631 auxiliaribus
1104 1587 1122 1630 e
1145 1565 1250 1651 patria
1272 1563 1377 1628 missis

308 1721 421 1780 auctus
453 1721 485 1780 et
520 1715 724 1779 confirmatus
757 1714 897 1799 reliquas
932 1713 1020 1778 urbis
1053 1719 1178 1800 partes,
1210 1711 1379 1798 Neapolim

308 1886 382 1932 oum
404 1863 516 1950 Tycha
538 1869 570 1927 et
591 1862 755 1950 Epipolis,
781 1863 944 1948 tripartito
967 1863 1097 1928 adortus
1109 1863 1243 1927 feliciter
1256 1881 1380 1946 expug-

307 2017 387 2098 nat,
421 2013 510 2077 uullo
544 2033 586 2077 ex
621 2032 751 2075 suorum
781 2033 914 2076 numero
944 2012 1110 2077 interfecto
1133 2016 1189 2075 aut
1212 2011 1380 2075 vulnerato
1432 2087 1436 2096 Ι

310 2161 404 2249 (Gap.
429 2160 540 2245 XXI).

353 2308 416 2384 Qui
438 2309 622 2395 praeferunt
644 2308 859 2373 narrationem
884 2307 1072 2391 Plutarchi,
1096 2329 1148 2374 mo
1171 2306 1275 2372 iudice
1296 2313 1382 2372 recte

309 2457 441 2524 faciunt.
474 2456 507 2521 N
509 2479 560 2522 am
594 2457 687 2522 facile
720 2459 769 2522 ost
793 2455 917 2540 videre,
943 2457 1038 2522 huius
1060 2457 1251 2522 narrationis
1275 2462 1382 2543 partos

309 2611 376 2672 tam
409 2610 478 2670 arte
511 2605 595 2670 inter
629 2626 663 2670 se
696 2605 883 2689 cohaerere,
918 2611 954 2670 ut
988 2607 1014 2670 si
1039 2604 1168 2671 Insulae
1192 2605 1383 2671 deditionem
1457 2591 1463 2598 ⁶

310 2754 447 2842 primam
480 2754 597 2818 factam
630 2775 699 2820 esse
731 2755 918 2839 negaveris,
943 2753 1135 2818 credendum
1158 2754 1218 2818 tibi
1241 2736 1282 2818 sit
1307 2775 1383 2818 auc·

311 2908 413 2969 torem
444 2902 706 2989 insequentibus
729 2902 875 2968 omnibus
899 2907 955 2966 aut
978 2923 1084 2966 errare
1107 2909 1162 2968 aut
1185 2903 1224 2967 de
1246 2924 1303 2967 suo
1325 2902 1383 2966 fin·

311 3072 395 3137 gere.
430 3050 483 3116 Ex
516 3072 554 3116 ea
586 3049 744 3116 deditione
780 3051 887 3115 omnia
910 3049 1068 3136 pendent3
1092 3071 1167 3114 narn
1191 3071 1233 3116 ex
1257 3071 1329 3114 arce
1351 3055 1384 3114 et

312 3200 423 3266 Insula
453 3200 555 3286 primo
577 3197 764 3264 Achradina
786 3203 880 3284 capta
902 3204 970 3282 est,
995 3205 1105 3285 postea
1127 3197 1326 3264 Timoleonte
1350 3199 1385 3263 in

311 3349 450 3434 reliquas
472 3346 560 3412 urbis
583 3351 690 3433 partes
713 3346 870 3410 trifariam
893 3346 1049 3432 impetum
1075 3346 1211 3412 faciente
1234 3369 1384 3434 unapars

313 3495 492 3584 copiarum,
534 3495 601 3561 Isia
642 3495 808 3562 Corinthio
849 3494 945 3579 duce,
981 3515 1023 3560 ex
1058 3493 1245 3561 Achradina
1278 3496 1384 3561 hostes

313 3645 521 3734 oppugnavit,
555 3680 596 3693 -
630 3643 665 3708 Si
698 3643 875 3708 Diodorum
909 3643 1104 3730 inspexeris,
1139 3665 1236 3730 quam
1270 3665 1384 3731 parum

313 3791 382 3856 veri
415 3791 517 3857 simile
550 3796 622 3875 est,
650 3790 882 3857 Timoleontem
920 3812 992 3855 cum
1028 3792 1126 3878 copiis
1158 3798 1191 3858 et
1214 3793 1327 3859 itinere
1352 3799 1385 3858 et

314 3939 434 4025 proelio
456 3939 599 4024 fatigatis
621 3945 818 4022 παραχρῆμα
830 3942 882 4004 ἐπὶ
895 3938 954 4014 σας
966 3941 1166 4020 Συρακούσας
1178 3939 1399 4024 ἐφορμῆσαι,-

312 4108 454 4175 eumque
484 4082 624 4168 δρομαῖον
657 4090 713 4168 σὴν
743 4087 807 4154 ὁδὸν
829 4086 1018 4152 δνανοῐσανσα
1041 4088 1270 4170 ἀπροσδοκήτως
1296 4111 1386 4168 προσ-

317 4241 423 4299 πεσεῖν
458 4239 528 4312 σαῖς
562 4232 772 4316 Συρακούσαις
806 4238 860 4320 (of.
896 4237 964 4323 Cap
998 4240 1057 4321 68,
1094 4241 1112 4322 ξ
1150 4241 1214 4322 11).
1249 4237 1386 4302 Omnino
