3342 5140
801 674 842 736 43

287 900 342 974 τῆς
373 895 530 969 πολιτείας
554 894 703 975 προσέξων
727 919 755 960 κ.
778 920 807 960 τ.
832 910 862 962 a.
887 897 992 962 Nimis
1015 897 1155 964 breviter
1178 901 1359 962 tractantur

286 1065 306 1107 a
328 1042 503 1108 Plutarcho
527 1064 564 1108 ea
587 1064 669 1128 quae
692 1043 732 1107 ad
755 1043 966 1108 ordinandum
991 1065 1109 1108 novum
1132 1049 1252 1108 statum
1278 1045 1356 1130 reip.

258 1238 264 1250 .
287 1191 464 1277 pertinent,
499 1211 692 1276 quamquam
721 1192 754 1254 in
777 1190 837 1256 hac
860 1213 985 1277 quoque
1009 1213 1044 1256 re
1067 1192 1232 1257 Timoleon
1257 1193 1360 1258 multa

287 1339 427 1404 effecisse
448 1337 584 1404 videtur.
617 1339 842 1425 Compluseula
865 1339 962 1406 habet
987 1341 1080 1405 Diod.
1106 1340 1184 1426 Cap.
1211 1343 1269 1424 70,
1292 1342 1359 1424 §52

290 1485 384 1561 εὐθὺς
420 1485 451 1552 δὲ
481 1490 535 1550 xxi
561 1488 645 1573 (post
669 1488 757 1572 regia
780 1494 986 1554 monumenta
1011 1491 1134 1573 eversa)
1154 1491 1361 1569 ννμσγρνφεΐν

287 1632 419 1718 ἤρξαντο,
452 1637 554 1708 τιθεὶς
587 1633 825 1714 δημοκρατικοὺς
860 1633 986 1720 νόμους,
1022 1633 1074 1700 sal
1111 1635 1153 1700 acl
1189 1633 1258 1716 περὶ
1296 1639 1358 1699 τῶν

290 1783 444 1848 ἰδιωτικῶν
477 1783 677 1862 συμβολαίων
713 1783 817 1848 δίκαιον
852 1787 906 1847 uxi
942 1783 1052 1848 τᾶλλαι
1086 1791 1190 1850 adara
1224 1784 1359 1865 ἀκριβῶς

289 1931 428 2008 διέταξε,
465 1931 614 2005 πλείστην
647 1931 795 2012 φροντίδα
818 1937 874 2006 τῆ,·
902 1931 1041 2006 ἰσότητος
1064 1936 1239 2010 πονούμενος
1275 1935 1358 1999 Cum

287 2081 402 2166 quibus
426 2079 643 2168 componenda
665 2086 739 2144 sunt
763 2102 844 2166 quae
866 2078 951 2146 idem
974 2081 1073 2146 tradit
1098 2081 1177 2168 Cap.
1202 2085 1261 2165 82,
1289 2084 1358 2166 56:

296 2228 480 2310 ,Timoleon
514 2229 624 2294 statim
655 2250 709 2292 eas
741 2230 844 2314 leges,
878 2250 960 2315 quae
983 2230 1047 2294 iam
1070 2235 1166 2296 antea
1191 2230 1357 2317 Syracusis

289 2376 441 2461 vigebant
475 2397 618 2463 quasque
646 2377 764 2442 tulerat
788 2377 932 2460 Diocles,
958 2378 1114 2462 corrigere
1137 2384 1169 2443 et
1192 2377 1361 2446 emendare
1439 2462 1441 2466 Ι

294 2525 397 2610 coepit
421 2525 475 2608 (de
497 2525 609 2590 Diocle
633 2526 673 2589 cf.
696 2524 767 2590 Lib.
790 2524 859 2608 XI,
885 2525 963 2612 Cap.
988 2528 1056 2610 22);
1075 2547 1157 2612 quae
1171 2526 1356 2613 depriratis

291 2673 484 2760 syngraphis
505 2625 537 2738 et
553 2672 592 2738 de
603 2673 834 2738 hereditatibus
846 2679 937 2738 erant
949 2675 1051 2758 latae,
1063 2675 1200 2740 intactas
1213 2675 1360 2760 reliquit;

276 2779 400 2888 contra
434 2842 516 2907 quae
537 2843 605 2888 rern
627 2822 786 2907 publicam
811 2822 1015 2908 spectabant,
1039 2822 1079 2888 de
1102 2844 1160 2888 sua
1183 2824 1360 2906 sententia,
1391 2843 1395 2850 ·

290 2969 556 3056 quemadmodum
580 2971 720 3036 manime
743 2973 776 3035 in
800 2993 868 3036 rem
890 2972 956 3036 fore
969 2971 1072 3035 visum
1086 2977 1151 3054 est,
1165 2971 1358 3037 emendavit.

290 3119 431 3205 Legibus
464 3119 669 3185 emendandis
705 3119 843 3206 praefuit
878 3117 1039 3205 Cephalus
1074 3118 1279 3202 Corinthius,
1310 3119 1359 3183 vir

290 3266 433 3332 doctrina
453 3274 550 3354 atque
572 3269 700 3354 ingenio
723 3267 884 3335 inolitus.”
912 3269 1058 3334 Instituit
1081 3271 1178 3334 etiam
1192 3269 1285 3356 (Cep.
1300 3272 1358 3354 70,

289 3418 307 3500 ξ
330 3419 363 3500 6)
399 3439 542 3482 annuum
564 3418 789 3502 magistratum
814 3413 987 3496 ἐπώνυμον,
1012 3417 1244 3500 amphipolim
1267 3417 1359 3482 Jovis

291 3564 451 3650 Olympii3
485 3565 606 3649 primus
640 3565 841 3650 amphipolus
871 3566 931 3629 fuit
956 3565 1157 3630 Callimenes.
1184 3565 1294 3652 Usque
1317 3567 1358 3632 ad

291 3711 422 3777 Diodori
443 3717 604 3798 tempora,
627 3735 684 3798 per
708 3712 790 3778 CCC
814 3735 931 3796 annos,
957 3715 990 3776 in
1013 3735 1136 3778 summo
1160 3713 1278 3779 honore
1298 3715 1358 3779 fuit

289 3861 500 3948 amphipolia3
534 3869 693 3947 postremo
716 3863 845 3926 civitate
868 3863 1015 3926 Romana
1040 3883 1113 3926 cum
1136 3861 1251 3926 Siculis
1274 3883 1359 3927 com-

289 4011 450 4076 municata
481 4011 584 4075 iacere
617 4011 719 4096 coepit
751 4011 804 4074 ille
827 4011 1043 4096 magistratus.
1070 4009 1230 4074 Ciceronis
1254 4015 1360 4074 aetate

289 4165 325 4223 ut
348 4165 443 4224 antea
466 4160 618 4243 florebat3
642 4159 735 4223 Verr.
760 4157 798 4222 L.
823 4157 877 4242 II,
903 4157 981 4244 Cap.
1006 4161 1062 4223 51:
1093 4157 1280 4244 ,Syracusis
1303 4157 1358 4222 lex

289 4313 337 4371 est
360 4308 398 4372 de
421 4309 590 4394 religione,
613 4330 694 4394 quae
717 4309 750 4370 in
774 4329 873 4371 annos
897 4307 1037 4391 singulos
1061 4306 1146 4371 Iovis
1160 4305 1355 4371 sacerdotem
