3342 5140
800 621 818 682 5

269 849 407 931 auxilia,
437 867 519 932 quae
541 847 574 910 in
598 844 765 931 gentilium
787 843 924 928 gratiam
946 846 1158 929 paraverant,
1182 861 1246 906 non
1266 839 1339 904 mit·

268 1001 337 1060 tere
360 995 578 1062 decreverunt.

310 1290 507 1375 φοβηθέντες
536 1292 562 1357 οἱ
598 1292 785 1356 Σικελιῶται
819 1286 987 1369 πρεσβείαν
1010 1287 1173 1366 ἐβούλοντο
1200 1285 1336 1366 πέμπειν

269 1443 311 1518 εἷς
333 1442 388 1518 τὴν
407 1441 551 1508 Ἑλλάδα
574 1445 627 1506 καὶ
650 1439 736 1522 παρα
758 1437 918 1520 Κορινθίαν
937 1437 1207 1535 βοήθειαναῖτεῖν.
1221 1438 1338 1505 Sohae-

269 1593 354 1657 ferus
384 1597 534 1657 annotat:
570 1589 799 1674 „Scribendum
829 1609 898 1654 esse
921 1587 1118 1664 ἐβουλεύοντο
1141 1589 1249 1675 plures
1272 1610 1339 1656 mo·

267 1743 438 1808 nuerunt.”
462 1740 670 1806 Sintenisius:
698 1740 850 1822 „fortasse
861 1741 1003 1824 praestat
1017 1733 1247 1821 ἐβουλεύοντο,”
1261 1757 1336 1804 ean·

268 1889 403 1976 demque
443 1888 696 1955 emendationem
728 1885 842 1952 tribuit
876 1884 1034 1951 Fabricio.
1065 1885 1164 1952 Haud
1199 1887 1338 1953 absurda

266 2037 393 2104 videtur
427 2038 579 2121 mutatio,
603 2057 685 2122 quae
707 2036 734 2100 si
756 2035 816 2100 hoe
837 2035 906 2099 loeo
927 2033 1108 2115 inferenda,
1136 2036 1340 2122 rogitandum

268 2208 310 2251 an
335 2186 413 2274 (τερ.
437 2185 560 2251 xvur
583 2185 654 2250 snit.
678 2184 879 2250 scribendum
902 2166 945 2252 ιιι
962 2175 1338 2268 οννειιιροιεεειιπερι

255 2335 318 2400 τὸν
351 2339 495 2412 Μάγωνα
530 2357 583 2398 κοιι

268 2483 364 2556 ἑλεῖν,
400 2505 458 2570 pro
493 2480 666 2562 ἐβούλοντο.
688 2519 731 2533 --
754 2483 805 2548 De
826 2505 862 2549 re
884 2484 923 2549 of.
949 2484 1043 2550 Diod.
1068 2485 1107 2551 L.
1131 2485 1233 2571 XVI,
1259 2486 1338 2574 Cap.

267 2637 327 2718 65,
364 2636 398 2698 l:
434 2635 526 2696 Κατὰ
559 2631 622 2712 γαρ
652 2637 709 2714 τὴν
732 2629 880 2696 Σικελίαν
904 2637 1083 2712 Σνοαιιόοιοι
1109 2635 1162 2720 (da
1186 2634 1247 2701 hae
1269 2637 1338 2703 sola

267 2783 407 2869 genuina
454 2784 555 2848 forma
590 2783 744 2867 nominis,
778 2739 875 2870 quam
907 2783 942 2848 in
975 2783 1150 2852 Plutarcho
1184 2794 1340 2875 spernunt

267 2932 458 2997 Sintenisius
492 2937 524 2998 et
547 2931 734 3017 Bekkerus,
759 2932 863 2998 dicare
886 2933 1098 3022 supersedeo),
1118 2933 1337 3020 οταοιοὶζονπες

266 3081 338 3160 πρὸ,Ι
360 3080 517 3155 ἀλλήλους
540 3084 594 3144 καὶ
616 3080 767 3162 τυραννίσι
792 3085 927 3156 πολλοῖς
947 3085 1001 3144 καὶ
1021 3082 1175 3160 ustulatur
1186 3083 1337 3151 δουλεύειν

265 3228 531 3311 ἀναγκαζόμενοι,
557 3228 702 3308 πρέσβεις
726 3229 912 3311 ἐξέπεμψαν
935 3229 978 3306 εἷς
1000 3229 1160 3312 Κόρινθον,
1182 3232 1337 3312 ἀξιοῦντες

264 3378 368 3453 αὐτοῖς
391 3377 578 3442 αποοτεῑλαι
602 3379 776 3459 στρατηγὸν
800 3379 851 3445 τὸν
875 3375 1334 3462 ἐπιμελησόμενονπῆςπόλειος

263 3534 317 3591 καὶ
341 3525 561 3594 καταλύσοντα
585 3533 641 3610 τὴν
653 3531 714 3594 τῶν
726 3534 880 3610 τυραννεῖν
893 3528 1127 3609 ἐπιβαλομένων
1140 3533 1333 3614 πλεονεξίαν.

694 3829 808 3895 ΟΑΡ.
839 3829 918 3895 ΙΙΙ.

306 4122 350 4202 εἷς
390 4129 423 4191 ἐκ
453 4131 512 4220 τῶν
546 4131 671 4195 πολλῶν
703 4129 844 4206 αναστὰς
878 4130 1017 4209 ὠνόμασε
1050 4131 1247 4212 Τιμολέοντα
1280 4133 1333 4202 τὸν

263 4276 452 4356 Τιμοδήμου.
487 4279 587 4345 Aliud
618 4287 666 4348 est
688 4303 804 4348 nomeu
826 4282 926 4368 patris
950 4282 1035 4370 apud
1059 4282 1245 4352 Diodorum.
1271 4287 1335 4355 Hie
