3342 5140
793 1027 906 1094 OAP.
938 1026 992 1093 II.

401 1329 431 1390 ἐν
461 1329 561 1410 τούτῳ
589 1324 619 1389 δὲ
650 1323 861 1406 Καρχηδονίων
884 1323 988 1408 στόλῳ
1013 1331 1150 1410 μεγάλῳ
1171 1324 1425 1405 παραγενομένων

355 1475 398 1552 εἷς
433 1475 581 1540 Σικελίαν
615 1478 669 1539 καὶ
692 1479 756 1550 τοῖς
779 1472 964 1555 ννρνὲνμασνν
987 1473 1231 1556 ἐπαιωρουμένων
1254 1475 1318 1542 uri.
1343 1476 1425 1542 eum

354 1624 445 1690 brevi
478 1623 595 1690 notitia
626 1624 793 1691 Plutarchi
816 1647 1040 1712 componamus
1063 1647 1101 1691 ea
1123 1646 1205 1712 quae
1226 1626 1324 1692 tradit
1347 1626 1424 1692 Dio·

354 1773 449 1840 dorus
472 1774 510 1840 L.
536 1773 639 1858 XVI,
664 1773 741 1861 Oap.
767 1776 826 1858 67,
852 1777 882 1839 2.
905 1773 996 1840 Haec
1018 1773 1123 1866 omnia
1141 1774 1182 1840 ab
1194 1795 1230 1840 eo
1241 1776 1423 1842 referuntur

352 1923 394 1989 ad
416 1945 536 1989 annum
563 1923 614 1990 01.
640 1923 773 2008 OVIII,
800 1928 838 2008 4,
861 1946 890 1989 a.
916 1923 951 1989 0.
984 1927 1058 1990 345.
1082 1923 1185 1990 Docet
1209 1946 1283 2010 nos,
1298 1900 1423 1991 Poenos

351 2070 461 2154 βραχὺ
488 2071 542 2152 πρὸ
567 2067 680 2137 τούτων
702 2076 764 2136 τῶν
786 2077 897 2152 καιρῶν
920 2075 954 2156 (i.
978 2093 1005 2138 e.
1020 2079 1095 2138 ante
1107 2071 1313 2138 Timoleontis
1326 2095 1421 2161 expe·
1453 2093 1456 2097 ’

352 2220 540 2306 ditionem),
574 2223 800 2307 gravissimum
835 2222 956 2287 bellum
984 2223 1017 2287 in
1048 2223 1156 2288 Sicilia
1179 2229 1419 2310 exspectantes,

322 2325 323 2328 Ἴ
350 2369 453 2456 primo
487 2391 559 2434 oum
593 2370 726 2435 urbibus
759 2371 928 2436 foederatis
963 2372 1136 2436 amicitiam
1166 2373 1368 2439 confirmasse
1386 2379 1418 2438 et

350 2525 560 2606 tyrannorum
584 2519 644 2602 sibi
667 2520 865 2585 voluntatem
888 2521 1079 2586 conciliasse.
1104 2521 1187 2586 Tum
1210 2543 1285 2588 vcro
1307 2523 1417 2608 ingen-

348 2675 397 2733 tes
424 2674 456 2734 et
482 2669 612 2734 navales
640 2673 672 2733 et
694 2674 860 2734 terrestres
882 2669 987 2756 copias
1010 2676 1134 2735 coactas
1156 2669 1315 2736 Hannone
1338 2669 1417 2736 duce

309 2893 311 2898 ¹
345 2817 380 2881 in
411 2815 552 2882 Siciliam
590 2819 823 2884 transmittunt.
858 2817 1032 2884 Habebant
1067 2817 1123 2883 CL
1156 2841 1254 2885 naves
1286 2820 1415 2906 longas,

345 2969 490 3057 peditum
520 2967 552 3033 V
583 2967 689 3052 milia,
713 2973 879 3054 praeterea
901 2973 1162 3053 comparaverant
1184 2989 1274 3033 arma
1295 2974 1328 3033 et
1350 2969 1414 3034 tela

346 3119 448 3184 omnis
472 3118 615 3204 generis,
638 3116 801 3182 machinas
823 3114 971 3200 bellicas,
994 3115 1144 3180 frumenti
1167 3136 1204 3181 ae
1222 3117 1319 3182 ceteri
1330 3137 1413 3182 com·

344 3273 469 3333 meatus
492 3265 615 3352 copiam
638 3265 811 3350 ingentem.
836 3262 962 3350 Oppido
983 3262 1113 3328 Entella
1133 3263 1294 3330 obsidione
1305 3266 1412 3331 clauso

347 3417 525 3504 Campani,
550 3416 605 3502 qui
627 3416 692 3480 illio
714 3415 893 3480 incolebant
916 3415 960 3498 (v.
984 3436 1035 3500 ap.
1058 3413 1152 3479 Diod.
1172 3414 1210 3480 L.
1223 3413 1318 3498 XIV,
1332 3413 1410 3502 Cap.

344 3569 385 3652 9,
410 3587 473 3652 quo
497 3565 614 3630 scelere
637 3563 712 3628 olim
735 3562 890 3649 Campani
911 3562 1097 3627 mercenarii
1119 3560 1265 3649 Dionysii
1283 3563 1410 3628 maioris

343 3715 403 3780 hoc
436 3713 588 3801 oppidum
621 3713 870 3798 occupaverint),
904 3711 1061 3776 auxilium
1092 3717 1206 3798 petunt
1239 3733 1260 3776 a
1279 3711 1409 3798 reliquis

342 3861 486 3950 oppidis,
523 3881 605 3947 quac
639 3861 767 3926 hostilia
800 3861 917 3927 Poenis
953 3867 1068 3926 essent.
1103 3860 1169 3926 soli
1200 3859 1345 3926 Galarini
1373 3860 1409 3924 M

298 3995 300 3998 ’
341 4011 461 4076 milites
492 4007 631 4073 subsidio
667 4009 822 4092 mittunt3
845 4007 960 4094 quibus
983 4009 1016 4071 in
1039 4008 1152 4072 itincre
1174 4007 1215 4072 ab
1237 4008 1327 4072 hoste
1349 4009 1408 4072 cir·

342 4158 520 4226 cumvcntis
556 4162 587 4222 et
612 4155 653 4220 ad
676 4178 776 4221 unum
803 4158 934 4222 concisis
968 4157 1166 4241 Aetnenses,
1191 4161 1222 4220 et
1243 4156 1290 4220 illi
1313 4155 1407 4221 Cam·

340 4308 416 4397 pani
449 4307 503 4392 (cf.
535 4303 630 4372 Diod.
666 4305 718 4370 Ιι.’
739 4304 835 4390 XIV,
875 4306 952 4394 Cap.
988 4309 1054 4392 58),
1088 4311 1212 4372 mutato
1245 4305 1407 4393 proposito
