3342 5140
807 629 848 690 53

333 855 393 914 τῶν
423 851 449 916 δ’
471 851 686 933 α’χμαλώτιον
711 855 735 918 οἱ
760 853 817 931 μὲν
843 855 952 918 πολλοὶ
976 849 1189 924 osculamus
1215 853 1274 916 ιἰτὸ
1299 857 1361 915 τῶν

290 1005 505 1086 στρατιωτῶν,
539 1003 581 1076 εἷς
614 1001 645 1066 δὲ
670 1003 763 1067 κοινὸν
786 1002 1029 1083 οὲιιεδείχὲνισαν
1051 1001 1301 1082 πεντακισχίλιοι
1325 1003 1362 1065 τὸ

291 1146 421 1228 πλῆθος.
447 1149 539 1215 Diod.
574 1152 618 1216 l.l.
654 1157 755 1216 totam
778 1167 935 1216 summam
948 1152 1146 1237 captivorum
1158 1150 1224 1215 XV
1237 1151 1361 1216 milium

293 1298 388 1362 fuisse
411 1297 504 1380 dioit3
539 1296 571 1361 X
605 1297 694 1362 milia
725 1298 825 1382 igitur
859 1297 1057 1362 amilitibus
1080 1299 1258 1364 interversa
1277 1305 1363 1363 sunt.

293 1445 384 1510 Idem
405 1446 526 1511 factum
548 1450 597 1511 est
619 1451 690 1532 post
715 1446 804 1510 illam
816 1445 938 1511 cladem
958 1444 1206 1512 Atheniensium
1219 1447 1253 1512 iu
1266 1468 1363 1534 expc-

294 1593 413 1660 ditione
435 1593 609 1679 Siciliensi,
632 1595 671 1660 de
693 1615 757 1681 qua
781 1616 815 1660 re
830 1595 869 1660 ol.
882 1595 982 1660 vitam
995 1594 1107 1660 Niciae
1120 1593 1198 1681 Gap.
1211 1594 1364 1662 XXVII.

338 1891 354 1964 ἦ
377 1891 580 1969 Τιμολέοντος
603 1931 644 1940 -
657 1896 751 1974 σκηνὴ
765 1890 1023 1972 περισωρευθεῖσα
1036 1893 1245 1964 παντοδαποῖς
1259 1897 1366 1975 tadd-

295 2061 362 2118 ροις.
375 2040 417 2105 V.
431 2041 541 2107 eadem
553 2064 605 2128 ap.
619 2041 713 2106 Diod.
724 2064 732 2126 ;
744 2043 790 2106 ait
802 2048 911 2107 autem
925 2041 1003 2128 Gap.
1017 2045 1076 2126 80,
1088 2043 1105 2126 ὅ
1119 2045 1155 2106 6:
1173 2041 1366 2125 „Armorum

295 2211 412 2275 magna
445 2197 536 2276 parto
570 2192 700 2257 flumine
729 2196 879 2278 corrupta
910 2191 951 2256 ad
973 2192 1168 2277 praetorium
1192 2191 1227 2256 M
1250 2191 1366 2258 loricae

247 2360 249 2364 ·
296 2344 328 2402 et
361 2340 433 2425 plus
470 2339 504 2404 X
537 2339 665 2405 milibus
697 2341 883 2427 clypeorum
907 2340 1006 2406 allata
1027 2345 1112 2404 sunt.
1137 2338 1227 2414 Quae
1252 2339 1366 2406 deinde

296 2492 413 2578 partim
435 2491 468 2554 in
493 2489 765 2576 Syracusanorum
788 2489 915 2576 templis
937 2488 996 2554 diis
1020 2488 1142 2572 dicata,
1155 2489 1365 2576 partiminter

297 2642 395 2706 socios
425 2639 527 2704 divisa
549 2644 640 2722 sunt,
664 2639 818 2704 nonnulla
842 2637 1008 2706 Timoleon
1032 2636 1223 2703 Corinthum
1246 2638 1367 2704 misit.'’

339 2933 522 3018 βαρβαρικοὶ
559 2941 661 2998 σνῑιλα
695 2931 882 3006 καλλίσταις
916 2931 1113 3013 ἐπιγραφαῖς
1148 2931 1300 3005 δηλοῦντα
1325 2970 1366 2983 -

298 3084 343 3154 ὅτι
378 3061 586 3167 Κορίνθιοι-
608 3087 797 3164 χαριστήρια
824 3078 1368 3154 Ssoi;.oivs'3uaexv.1nfiuoiuter·

298 3240 410 3304 cidisse
431 3236 557 3301 videtur
580 3253 754 3320 pronomen
767 3228 842 3293 rate
856 3279 864 3314 ,
877 3229 962 3315 quod
973 3229 1008 3294 in
1020 3229 1222 3295 donariorum
1234 3232 1368 3319 inscrip-

298 3386 438 3452 tionibus
472 3385 600 3449 solitum
629 3388 678 3448 est
710 3386 742 3447 ct
761 3379 985 3445 necessarium.
1010 3377 1157 3464 Apparet
1180 3400 1210 3444 v.
1234 3401 1261 3444 c.
1284 3380 1368 3445 infra

300 3535 377 3622 Cap.
387 3531 523 3598 XXXI:
536 3529 647 3596 τάσδ’
660 3531 910 3609 ὀστρειογραφεῖς
919 3528 972 3590 καὶ
980 3525 1367 3608 χρυσελεφαντηλέκτρους

689 3676 825 3750 ιἰστιδας
846 3673 995 3749 ἀσπιδίοις
1017 3670 1138 3753 εἵλομεν
1162 3674 1318 3744 εὐτελέσι.

300 3832 391 3896 Thac
413 3832 451 3897 L.
476 3831 510 3914 Ι,
535 3830 613 3917 Oap.
640 3831 717 3894 132:

422 3977 578 4054 Ἑλλήνων
599 3977 742 4058 ἀρχηγός
764 3973 830 4039 ἕτεῖ
847 3972 979 4053 στρατὸν
991 3971 1086 4036 ὤλεσε
1110 3971 1246 4059 Μήδαν,

691 4125 871 4200 Παυσανίας
885 4124 987 4207 Φοίβῳ
999 4127 1096 4206 μνῆμ’
1109 4125 1242 4200 ἀνέθηκε
1267 4127 1371 4193 τάδε.
