3342 5140
777 642 815 704 17

293 862 470 943 διάστημα,
508 871 561 930 καὶ
596 872 651 946 τῖρς
685 865 792 938 νυκτὸς
822 865 1050 948 ἐπιλαβούσης,
1073 865 1222 950 ἔφθασαν
1244 867 1270 933 οἱ
1293 871 1362 949 περὶ

292 1016 345 1078 τὸν
369 1013 564 1092 Τιμολέοντα
591 1016 848 1089 ἀποπλεύσαντες
870 1017 914 1090 εἷς
937 1015 971 1080 τὸ
994 1017 1208 1097 Ταυρομένιον.

338 1311 564 1394 ὑποδεχομένου
598 1309 650 1378 καὶ
682 1316 846 1387 καλοῦντος
868 1310 982 1388 αὐτοὺς
1005 1311 1050 1377 ἔτι
1073 1309 1175 1378 πύλαι
1198 1315 1365 1394 προθύμοις

295 1460 510 1542 Ἀνδρομάχου
533 1467 585 1528 τοῦ
608 1466 663 1544 τὴν
686 1469 774 1528 πόλιν
799 1461 924 1544 ἔχοντος
947 1466 1000 1528 καὶ
1022 1461 1265 1550 δυναστεύοντος.
1290 1462 1364 1528 Dis·

293 1611 395 1674 cimus
427 1631 445 1676 e
479 1610 573 1676 Diod.
609 1611 647 1676 L.
685 1611 788 1696 XVI,
824 1610 903 1698 Oap.
935 1611 1062 1677 lhune
1085 1611 1364 1696 Andromachum,

294 1759 414 1824 virtute
437 1765 469 1824 et
495 1760 608 1847 opibus
630 1761 805 1846 insignem,
829 1760 909 1826 urbe
931 1760 1026 1827 Naxo
1046 1761 1231 1850 aDionysio
1242 1762 1365 1847 diruta,

296 1907 379 1972 cives
412 1906 570 1994 dispersos
617 1908 781 1994 collegisse
825 1913 922 1994 atque
955 1910 988 1974 in
1022 1911 1101 1975 colle
1134 1909 1241 1977 Tauro
1270 1930 1370 1998 prope

294 2055 411 2120 rudera
444 2057 560 2122 veteris
593 2057 682 2121 urbis
715 2056 963 2122 Tauromenium
997 2057 1190 2143 condidisse,
1224 2058 1287 2124 oiri
1310 2064 1367 2140 τῆς

295 2201 345 2266 ἐπὶ
382 2210 434 2268 τοῦ
469 2207 591 2283 Ταύρου
613 2211 725 2282 μονῆς,
750 2211 786 2269 ut
812 2207 857 2269 ait
880 2205 992 2289 Dion,
1015 2207 1215 2270 nominatum
1240 2205 1304 2290 (Of.
1327 2206 1366 2273 L.

296 2349 399 2434 XIV,
434 2351 512 2438 Cap.
549 2355 607 2417 59:
641 2359 697 2433 τὴν
732 2350 820 2416 πόλιν
855 2351 905 2416 διαὶ
939 2353 976 2416 τὸ
1010 2359 1115 2430 μεῖναι
1145 2351 1215 2428 τοὺς
1239 2353 1290 2418 ἐπὶ
1313 2353 1368 2416 τὸν

295 2503 415 2578 Ταῦρον
437 2497 663 2580 ἀθροισθέντας
685 2499 888 2580 Ταυρομένιον
912 2499 1099 2586 ὠνόμασαν).

341 2646 426 2712 Eum
458 2653 584 2734 patrem
616 2647 739 2713 Timaei
764 2649 907 2713 historici
931 2649 1028 2714 fuisse
1051 2653 1211 2714 testantur
1234 2654 1267 2714 et
1290 2649 1368 2714 Plu·

295 2795 427 2860 tarchus
461 2803 493 2860 et
527 2797 685 2862 Diodorus
717 2799 762 2862 l.l.
797 2805 829 2862 et
863 2797 1069 2862 Marcellinus
1091 2797 1126 2861 in
1148 2797 1216 2862 vita
1239 2796 1368 2883 Thucy-

298 2945 379 3011 didis
402 2947 420 3030 g
443 2949 502 3010 27:
526 2944 660 3022 Τι’μαιος
682 2944 708 3008 δ’
730 2944 743 3008 ὁ
766 2944 995 3025 Ταυρομενίτης
1018 2943 1214 3022 Τιμολέοντα
1237 2945 1368 3026 ὑπερεπ-

299 3094 387 3175 ῄνεσε
424 3095 477 3158 τοῦ
512 3091 652 3178 μετρίου,
675 3089 788 3158 καθότι
811 3087 1022 3173 Ἀνδρόμαχον
1043 3093 1096 3156 τὸν
1119 3092 1228 3158 ἑαυτοῦ
1247 3091 1371 3173 πατέρα

300 3241 332 3306 οὐ
371 3240 526 3305 κατέλυσε
560 3248 615 3315 τῆς
648 3240 833 3320 μοναρχίας.
868 3241 1027 3328 Opinatur
1059 3263 1185 3328 quoque
1214 3241 1369 3328 Polybius

298 3389 582 3456 vehementissima
604 3391 746 3456 convicia
768 3391 802 3455 in
821 3391 987 3455 Timaeum
1000 3390 1164 3456 effundens
1177 3390 1262 3489 hune
1274 3392 1372 3478 serip-

299 3544 406 3603 torem
442 3537 634 3602 Timoleonti
666 3533 781 3603 nimias
818 3539 968 3603 tribuisse
1000 3537 1120 3603 leudes.
1155 3537 1230 3624 Ipse
1262 3545 1371 3605 tamen

297 3689 454 3776 Polybius
488 3689 692 3776 vituperandi
714 3689 836 3774 studio,
861 3696 897 3754 ut
920 3696 1016 3776 puto,
1039 3691 1188 3757 incensus
1213 3690 1290 3755 satis
1313 3690 1373 3755 ini·

297 3859 399 3924 quum
426 3838 580 3903 iudicium
603 3837 643 3904 de
666 3838 864 3904 Timoleonte
886 3839 968 3904 ferre
990 3837 1125 3904 videtur.
1138 3837 1180 3903 V.
1195 3838 1374 3924 fragmenta

286 3959 338 4051 Ἰν.
376 3985 464 4070 XII,
498 3986 577 4071 Cap.
610 3989 652 4052 23
676 3986 724 4052 ed.
752 3986 866 4051 Dind.:
893 3985 928 4050 si
952 3986 1198 4071 Callisthenem,
1222 3987 1283 4072 ait,
1307 3988 1377 4054 iure

299 4144 332 4202 et
370 4137 484 4202 merito
518 4142 651 4224 propter
685 4137 767 4201 iram
798 4135 939 4200 divinem
960 4140 1122 4200 mortuum
1145 4155 1213 4200 esse
1234 4140 1377 4200 statuen-

305 4284 398 4371 dum,
434 4285 510 4374 quid
546 4285 645 4351 faoias
675 4285 830 4352 Timaeo?
853 4284 885 4350 N
887 4306 938 4351 am
961 4285 1187 4372 multomagis
1210 4282 1381 4352 deoshuie

1226 4434 1246 4502 2
