3342 5140
821 635 862 697 49

305 864 368 927 nisi
398 869 577 948 apparatu,
609 861 676 927 eod.
711 861 817 926 Pelet.
853 860 929 926 dors
953 855 1057 926 εἵπετο
1080 859 1238 942 κεκοωγάς
1252 886 1271 948 ;7
1285 864 1374 951 prius
1459 890 1462 900 ·

307 1012 496 1078 vocabulum
530 1033 594 1077 non
617 1010 792 1076 absurdum
815 1008 962 1093 videtur,
986 1009 1041 1074 sed
1064 1011 1157 1075 facile
1181 1011 1250 1075 fieri
1272 1013 1378 1098 potuit

307 1165 344 1226 ut
385 1159 472 1225 Plut.
513 1181 555 1224 ex
596 1159 779 1244 aequalium
819 1179 920 1244 prava
953 1157 1181 1223 consuetudine
1215 1159 1376 1246 scripserit

308 1305 420 1374 ἵττοιτο
456 1330 513 1396 pro
545 1307 689 1393 ἓτὲτετος
712 1307 752 1373 de
774 1307 889 1373 vitiose
912 1307 1014 1374 formo
1035 1301 1175 1385 ἵττιομοοι
1199 1308 1238 1373 of.
1261 1307 1303 1374 V.
1328 1307 1377 1373 Ol.

310 1457 465 1523 Oobetnm
486 1458 520 1522 in
542 1457 583 1522 V.
608 1457 664 1541 In,
687 1478 761 1543 pag.
787 1459 860 1522 306.
885 1455 949 1521 Sed
972 1455 1011 1522 de
1034 1457 1140 1521 sonitu
1163 1462 1195 1522 et
1210 1458 1376 1543 clangore,

309 1626 404 1692 quem
427 1627 502 1672 oves
524 1605 679 1690 reddunt,
695 1604 1377 1693 proprieusurpeturperfectumus'utoeyyoe

309 1756 387 1839 (non
421 1754 600 1840 κέκλοογοι),
633 1777 684 1842 sp.
718 1755 897 1820 Homerum
922 1751 1046 1835 κλάζω,
1072 1751 1218 1832 ἔκλοιγξω
1242 1761 1275 1820 et
1299 1757 1379 1842 pori.

308 1901 468 1989 κέκλνγω,
490 1925 573 1991 quoe
594 1925 689 1990 saepe
712 1910 900 1988 occurrunt,
923 1925 996 1969 oum
1021 1903 1222 1969 substantivo
1245 1904 1376 1981 κλαγγή

308 2053 422 2136 (veluti
445 2052 555 2118 Iliadis
578 2052 659 2117 libro
681 2052 800 2138 primo,
824 2051 864 2118 de
887 2061 963 2117 orou'
986 2057 1018 2116 et
1044 2052 1170 2137 sagittis
1190 2051 1376 2138 Apollinis).

310 2201 359 2266 of.
382 2223 409 2266 e.
434 2223 465 2287 g.
489 2203 593 2266 looum
616 2208 652 2264 M
677 2203 759 2284 207,
782 2201 860 2266 item
882 2200 920 2264 de
943 2201 1051 2286 equile
1074 2205 1254 2286 serpentem
1265 2201 1380 2286 ungui·

309 2349 369 2414 bus
392 2349 532 2416 ferente:

468 2497 564 2570 ωὐτὸς
587 2494 618 2560 δὲ
640 2493 831 2573 κλάγξας
856 2494 968 2578 Φέρετο
992 2503 1096 2578 πνοιῇς
1120 2494 1251 2574 άνὲμοιο.

309 2655 338 2710 Π
361 2647 443 2710 428:
467 2645 492 2710 οἱ
517 2639 631 2718 δ’,άττ’
654 2643 797 2722 οάγντιιοι
822 2643 1060 2729 γαμψώνυχες,
1083 2645 1335 2725 άγκνλοχεῖλοιι,

467 2792 626 2878 πέτρῃ-ἐφ
649 2793 766 2876 ’ὑψηλῇ
788 2797 923 2870 μεγάλω
946 2791 1146 2874 κλάζοντε
1168 2789 1356 2873 μάχωνται,

469 2944 507 3017 ὣς
538 2935 565 3007 οἳ
597 2941 872 3019 κεκλήγοντες
906 2941 1028 3026 (Bekk.
1055 2944 1186 3027 γῦπες)
1209 2941 1259 3006 ἐτ’
1282 2943 1381 3018 ἄλλά·

1087 3104 1182 3156 λοιτιν
1204 3089 1337 3171 sponsas.

280 3300 282 3303 ,
310 3257 331 3308 λ
356 3245 436 3308 605:
468 3239 554 3322 ἀμφὶ
577 3239 608 3305 δι’
631 3263 684 3318 μιν
709 3243 879 3322 κλοιγγὴ
902 3236 1013 3303 νεκύων
1040 3233 1075 3313 ἦν
1098 3239 1206 3304 οἰωνῶν
1227 3235 1276 3314 sis.

312 3400 336 3456 Γ
363 3397 398 3458 3:
474 3390 547 3465 ἠΰτε
571 3412 627 3470 περ
650 3396 824 3472 κλωγγὴ
847 3387 983 3470 γεράνων
1005 3387 1092 3453 τέλει
1116 3387 1259 3468 οὐρανόθι
1282 3387 1347 3467 τοτ’.

261 3588 264 3592 -
354 3543 501 3608 Atticum
523 3540 694 3620 κε’κλαγγω
716 3543 834 3628 legitur
857 3541 980 3606 duobus
1001 3539 1078 3604 loeis
1100 3539 1134 3604 in
1157 3538 1380 3626 Xenophontis

231 3653 234 3660 Δ
312 3691 506 3780 Oynegetioo
539 3689 626 3774 (III,
663 3694 682 3756 9
717 3696 750 3755 et
783 3689 853 3774 VI,
878 3690 935 3774 23)
959 3693 991 3753 et
1014 3709 1065 3774 ep.
1090 3686 1256 3772 Aristoph.
1281 3687 1380 3774 Vesp.

311 3862 360 3907 vs.
383 3843 466 3924 929,
488 3840 693 3905 coniunctum
716 3859 788 3904 oum
812 3838 871 3902 fut.
895 3834 973 3922 perf.
997 3831 1238 3912 κεκλάγξιμωιε

310 3984 360 4054 ἵνοο
386 3993 430 4070 μὴ
455 3985 676 4066 κεκλάγγω
700 3987 811 4072 (Dind.
831 3986 1019 4070 κεκλάγγω)
1033 3982 1082 4048 διά
1096 3989 1182 4058 κενῆς
1194 3979 1298 4057 άλλως
1311 3981 1382 4061 ε’γά.

315 4135 368 4202 ἐάν
392 4137 423 4203 δὲ
446 4136 510 4218 μά,
536 4137 572 4201 τὸ
594 4138 699 4202 λωτὸν
722 4136 754 4202 οὗ
779 4133 1079 4214 κεκλάγξομοιι.

1232 4281 1253 4348 4
