3342 5140
804 660 843 721 41

330 881 508 960 ἀγαμένους
541 889 594 948 καί
629 889 787 961 τιμῶντας
821 885 872 950 τὸν
907 881 1001 964 ἄνδρα
1024 892 1078 964 rig·
1102 883 1203 967 νίκης,
1230 875 1263 956 ἣν
1289 883 1361 964 πρὸς

287 1028 392 1113 Ἱμέρᾳ
416 1033 636 1112 Κιιρχηδινίσν,·
651 1033 795 1106 ἐνίκησεν.
808 1034 859 1098 De
870 1033 1068 1098 nobilissima
1083 1033 1213 1098 Gelonis
1225 1033 1360 1097 victoria

288 1179 328 1244 cf.
360 1180 453 1245 Diod.
477 1181 515 1245 L.
539 1182 627 1266 XII,
652 1182 731 1268 Oap.
754 1185 814 1266 22;
839 1203 876 1247 eo
898 1188 1028 1248 auctore
1050 1203 1126 1246 casu
1149 1183 1270 1247 iactum
1294 1187 1360 1263 est,

291 1333 326 1393 ut
361 1329 472 1394 eodem
497 1329 547 1395 die
568 1331 602 1394 in
626 1331 762 1396 Graecia
785 1329 943 1412 Leonidas
965 1351 1038 1394 oum
1062 1351 1162 1416 parva
1183 1351 1282 1394 manu
1306 1351 1364 1394 sua

292 1477 419 1542 fortiter.
455 1499 603 1564 pugnans
636 1478 722 1564 apud
755 1478 987 1564 Thermopylas
1019 1477 1219 1544 occumberet
1254 1476 1362 1561 (Diod.

294 1624 371 1711 Cap.
405 1628 471 1710 24).
509 1626 565 1690 Sin
601 1626 707 1711 potius
741 1625 898 1690 oredimus
920 1625 1102 1708 Herodoto,
1126 1625 1201 1690 tosti
1224 1631 1256 1690 et
1282 1625 1364 1690 anti-

293 1774 394 1859 quiori
440 1780 472 1838 ct
517 1773 603 1838 haud
645 1775 740 1860 paulo
773 1776 929 1859 graviori,
967 1774 1047 1840 Gelo
1082 1774 1363 1860 Carthaginienses

292 1921 415 2006 pepulit
448 1921 558 1986 codem
591 1921 659 2005 die,
694 1943 757 2007 quo
790 1923 824 1987 in
850 1922 985 1988 Graecia
1008 1923 1225 2009 depugnatum
1248 1928 1299 1986 est
1322 1921 1364 1986 ad

303 2067 505 2133 Salaminem.
540 2069 620 2134 Hdt.
656 2071 694 2136 L.
729 2071 816 2154 VII,
851 2072 929 2158 Gap.
956 2075 1033 2136 166:
1058 2072 1132 2150 πρὸς
1155 2071 1186 2136 δὲ
1209 2073 1263 2135 aar
1287 2069 1362 2136 τιίδε

248 2243 254 2250 ·
293 2214 434 2300 λέγουσι,
469 2219 508 2292 ὡς
540 2217 653 2296 συνέβη
687 2227 742 2294 τῆς
777 2219 875 2301 alarin
909 2219 1019 2300 ἡμέρης
1056 2219 1086 2284 έν
1109 2244 1144 2285 σε
1170 2229 1209 2302 τῇ
1233 2221 1362 2306 Σικελίῃ

293 2361 417 2429 Γέλωνιι
453 2369 506 2429 καί
543 2365 669 2447 (lapara
704 2371 789 2432 νικέιν
819 2367 980 2448 Ἀμίλκιιν
1004 2370 1284 2452 σόνιΚκρχηδίνιιν
1308 2378 1361 2436 κκι·

294 2513 323 2575 ἐν
358 2521 518 2592 Σκλκμῑνι
553 2518 588 2600 (l.
625 2525 805 2603 Σκλιιμῖνι,
839 2519 942 2586 deleto
966 2518 1011 2608 ἐν)
1036 2519 1106 2595 τιίι,Ι
1127 2523 1287 2594 ’Έλληννις
1311 2522 1362 2586 σὺν

295 2659 420 2740 Πέρσην.

679 2963 793 3030 oAP.
828 2965 979 3032 XXIV.

335 3251 521 3332 βουλόμενος
533 3255 546 3319 ὁ
558 3257 717 3335 Τιμολέων
730 3300 770 3309 -—
785 3260 987 3328 πανσσίσνισιν
1001 3269 1130 3347 ἐκκόψαι
1144 3276 1199 3350 τῆς
1213 3271 1361 3346 Σικελίης

292 3399 350 3475 scic
371 3405 550 3483 separatior
573 3430 601 3474 κ,
625 3431 655 3473 s.
675 3425 706 3474 λ.
720 3411 810 3484 Quae
823 3373 910 3478 Illut.
922 3423 1032 3480 narrat
1044 3417 1103 3482 hoc
1116 3420 1237 3505 capite,
1250 3441 1361 3485 secun·

292 3549 366 3616 dum
386 3553 479 3620 Diod.
495 3556 579 3622 facta
591 3565 666 3624 sunt
678 3559 728 3625 01.
744 3561 840 3644 OIX,
853 3565 890 3646 3,
903 3585 931 3628 a.
946 3563 982 3629 O.
996 3568 1069 3630 342.
1083 3566 1176 3632 Diod.
1189 3568 1252 3632 alia
1266 3589 1361 3654 quae·

292 3698 364 3766 dam
393 3702 491 3768 tradit
522 3703 560 3770 de
586 3705 704 3792 Hieta;
730 3709 808 3796 Cap.
834 3714 892 3795 72,
917 3713 935 3796 ξ
958 3716 998 3778 2:
1023 3714 1187 3782 Timoleon
1209 3717 1242 3781 in
1265 3739 1361 3804 expe-

291 3846 441 3914 ditionem
464 3851 522 3917 ivit
545 3852 695 3919 adversus
719 3857 909 3943 Ircontiuos3
933 3883 1070 3947 namque
1093 3884 1129 3927 oo
1142 3863 1275 3931 Hicetas
1288 3888 1360 3932 cum

292 3996 367 4059 satis
388 4017 505 4082 magno
526 4004 670 4067 exercitu
692 4007 886 4092 profugerat.
914 4009 964 4072 Ac
976 4011 1078 4096 primo
1090 4011 1216 4078 Novam
1228 4014 1359 4098 urbem,

291 4164 387 4230 quam
420 4154 552 4232 vocant,
587 4172 773 4238 oppugnare
805 4160 908 4242 coepit
920 4180 928 4239 ;
954 4164 1023 4222 tum
1046 4181 1122 4224 vero
1145 4163 1255 4226 multis
1278 4163 1359 4228 mili·

293 4293 377 4358 tibus
412 4297 498 4360 intra
520 4299 630 4370 urbem
654 4302 784 4368 inclusis
808 4313 839 4369 et
864 4307 955 4372 facile
980 4330 1022 4372 en
1046 4311 1211 4376 moenibus
1234 4313 1358 4379 hostem
