3342 5140
842 677 884 736 60

326 897 387 961 liae
421 896 650 978 liberatorem,
677 897 715 962 dc
749 920 812 984 qua
846 920 881 962 re
919 899 957 962 cf.
993 921 1075 984 quae
1106 901 1329 973 annotavimus
1353 899 1393 963 ad

330 1043 407 1130 Oap.
433 1043 475 1107 X.

372 1343 388 1413 ἡ
411 1341 467 1417 μὲν
490 1344 683 1423 Ἀντιμάχου
707 1343 823 1416 ποίησις
845 1343 895 1406 καὶ
909 1343 951 1407 τὰ
966 1343 1122 1408 Διονυσίου
1135 1343 1398 1424 ζωγραφήματα,

328 1498 389 1554 τῶν
413 1492 620 1573 Κολοφωνίων.
648 1493 810 1574 ,Clarium
832 1496 981 1580 poetam'¹
1007 1494 1118 1559 Cicero
1141 1494 1283 1580 appellat
1304 1491 1401 1556 Anti·

329 1643 495 1726 machum,
521 1643 670 1729 oppidulo
695 1643 789 1708 Claro
812 1665 910 1729 prope
934 1643 1151 1729 Colophonem
1175 1641 1297 1725 (Strab.
1323 1662 1397 1727 pag.

333 1793 411 1876 642)
436 1797 558 1856 natum.
583 1792 742 1856 Diodorus
767 1791 819 1875 (L.
844 1791 951 1874 XllI,
976 1790 1054 1877 Cap.
1081 1793 1156 1876 108)
1169 1789 1400 1877 Apollodorum

330 1938 562 2004 Atheniensem
585 1947 712 2005 secutus
736 1941 821 2005 hunc
843 1948 971 2027 poetam
996 1940 1208 2022 Artaxerxis,
1221 1939 1313 2004 Darii
1325 1939 1402 2022 filii,

329 2095 434 2154 aetate
458 2091 600 2154 floruisse
622 2069 717 2154 dicit
733 2089 817 2154 Eum
840 2092 1006 2177 aequalem
1031 2090 1178 2155 Platonis
1202 2089 1402 2154 fuissenoui-

333 2261 444 2303 muse
467 2241 707 2304 narratiuncula
731 2240 893 2304 Ciceronis
916 2241 950 2304 in
973 2240 1077 2304 Bruto
1101 2241 1119 2322 ξ
1146 2241 1224 2322 191;
1249 2259 1402 2323 magnum

329 2389 409 2452 illud
444 2389 609 2472 volumen,
644 2390 728 2474 quod
758 2388 971 2454 Antimachus
994 2390 1174 2455 convocatis
1200 2387 1401 2454 auditoribus

327 2536 471 2622 legebat,
505 2538 566 2602 fuit
590 2560 703 2624 poema
725 2540 851 2624 epicum
875 2539 891 2613 ἡ
917 2537 1060 2622 mahath,
1084 2561 1126 2604 ex
1149 2559 1211 2624 quo
1237 2537 1399 2622 complus-

327 2688 399 2752 cula
422 2687 511 2752 nobis
535 2689 675 2753 servavit
697 2690 879 2774 fragmenta
904 2689 1110 2771 Athenaeus,
1134 2689 1190 2774 qui
1215 2687 1267 2770 (L.
1292 2683 1402 2766 XIII,

327 2857 400 2921 pag.
436 2838 498 2900 597
534 2839 573 2919 s.)
608 2836 749 2900 eiusdem
782 2837 920 2921 elegiam
953 2840 1008 2916 τὴν
1043 2835 1165 2916 Λυδήν,
1201 2837 1235 2899 in
1270 2834 1398 2920 puellae

326 2985 479 3048 honorem
507 2986 574 3049 vito
597 2985 765 3050 defunctas
790 2985 1015 3070 compositam,
1041 2991 1207 3070 praeterea
1233 2983 1285 3066 (L.
1310 2981 1406 3047 vll,

328 3156 401 3220 pag.
437 3137 514 3218 300)
548 3156 661 3220 poema
693 3133 752 3207 τὰς
789 3132 928 3208 Achrou',⁸
967 3138 1202 3199 commemorat.
1233 3131 1323 3196 ¹Vide
1358 3129 1399 3194 de

325 3283 435 3348 eodem
468 3283 621 3348 iudicium
654 3305 705 3370 ap.
744 3251 978 3358 Quintilianum
1014 3283 1065 3368 (L.
1092 3283 1143 3366 X,
1169 3287 1203 3366 l,
1229 3284 1302 3366 53),
1326 3281 1401 3366 qui,
1475 3367 1477 3371 Ι

326 3435 472 3520 quamvis
508 3432 702 3498 Antimacho
737 3435 891 3498 secundas
925 3435 958 3496 in
981 3435 1068 3519 poesi
1091 3433 1181 3518 epiea
1204 3433 1270 3496 fere
1294 3449 1401 3515 gram-

324 3584 513 3648 maticorum
547 3604 717 3647 consensus
751 3582 890 3682 delerat,
925 3583 1018 3669 plura
1049 3589 1158 3645 tamen
1181 3582 1214 3644 in
1234 3601 1270 3643 eo
1293 3599 1401 3663 repre-

324 3730 445 3794 hendit.
471 3769 512 3778 -
538 3730 647 3796 Oivem
673 3731 742 3794 eius
766 3731 958 3816 Dionysium
982 3731 1135 3816 pictorem
1148 3734 1399 3794 commemorant

323 3879 513 3943 Aristoteles
546 3879 627 3961 (περὶ
663 3885 821 3959 ποιητικῆς
859 3879 937 3964 Gap.
976 3881 1030 3962 2),
1067 3877 1223 3942 Aelianus
1249 3876 1305 3960 (V.
1330 3876 1400 3959 H.,

262 4121 263 4124 Ἴ
323 4029 361 4092 L.
398 4027 464 4111 IV,
502 4029 580 4114 (lap.
616 4029 669 4112 3),
705 4029 760 4113 qui
794 4048 867 4092 eum
904 4027 1077 4114 Polygnoti
1103 4033 1205 4092 artem
1230 4025 1403 4111 diligenter

323 4177 479 4243 imitando
513 4178 708 4264 expressisse
740 4179 805 4261 cit,
840 4177 966 4242 Plinius
1001 4178 1059 4260 (H.
1097 4177 1158 4258 N.,
1182 4176 1220 4240 L.
1243 4174 1402 4260 XXXV,

329 4327 406 4414 Cap.
445 4330 514 4412 10),
551 4328 603 4413 qui
639 4347 814 4412 cognomen
839 4329 905 4391 eius
934 4323 1306 4412 „Anthropographum”
1330 4325 1402 4386 lau-
