3342 5140
852 567 870 626 6

326 787 410 864 enim
431 786 487 852 ubi
510 787 587 874 Cap.
601 791 641 854 65
653 789 723 854 init.
738 789 1011 877 Syracusanorum
1022 792 1215 878 legationem
1229 793 1269 858 ad
1284 793 1394 858 Corin·

326 935 410 1009 thios
433 937 563 1001 missam
584 958 653 1003 esse
675 937 798 1022 docuit,
822 939 926 1024 pergit
948 940 1009 1004 ita:
1033 939 1059 1002 ol
1081 939 1111 1004 δὲ
1125 939 1271 1020 κρίνοντες
1283 939 1396 1004 δίκηνον

326 1077 403 1148 sivae
425 1091 489 1159 τοῖς
511 1083 672 1163 artoptae
692 1085 837 1165 βοηθεῖν,
854 1088 1051 1170 ἐψηφίσαντο
1071 1089 1205 1167 τέμσενν
1220 1092 1394 1171 στρατηγὸν

325 1233 519 1312 Τιμολέοντα
552 1234 749 1314 Τνμαννὲτσν.
778 1237 870 1304 Idem
892 1259 1007 1304 nomon
1032 1239 1168 1304 ooourrit
1194 1237 1272 1326 Gap.
1297 1243 1339 1304 90
1362 1240 1396 1304 in

326 1382 429 1449 edicto
463 1383 752 1470 Syracusanorum:
786 1383 980 1463 Τνμσηέοντον
1002 1384 1192 1463 Τνμοοννέτον
1216 1386 1277 1451 υἱὸν
1300 1384 1398 1453 τόνδε.

371 1531 421 1598 De
443 1531 650 1598 Timoleontis
672 1533 801 1619 ingenio
813 1539 845 1599 et
858 1534 999 1599 moribus
1012 1556 1114 1621 pauca
1126 1534 1224 1600 habet
1238 1534 1398 1600 Diodorus

327 1680 389 1745 l.l.:
425 1681 663 1781 appellatueum
687 1684 880 1762 πρωτεύοντα
904 1687 962 1746 τῶν
986 1687 1117 1747 σολντῶν
1141 1681 1262 1764 ἀνδρείᾳ
1285 1705 1320 1745 τε
1344 1686 1398 1746 aet

329 1824 445 1891 συνέσει
468 1837 659 1911 στρατηγικῇ
681 1832 733 1894 καὶ
748 1834 886 1898 astolon
898 1836 1013 1906 τάσσονς
1027 1838 1098 1906 τοῖς
1111 1832 1236 1912 α’ρετονῖς
1250 1853 1399 1908 κεκοσμη-

330 1972 430 2051 μένον.

760 2273 873 2340 OAP.
915 2275 982 2340 IV.

378 2570 422 2664 μη
449 2573 578 2637 πάθοιεν
602 2565 724 2634 οἷσκαὶ
750 2569 890 2650 πρότερον
914 2570 971 2636 ὑπὸ
995 2573 1056 2634 τῶν
1079 2568 1259 2652 σνμμοὲχων
1279 2571 1405 2649 οὶτσβοι-

334 2723 440 2792 λόντες
464 2724 520 2802 τὴν
544 2722 644 2785 σόλον.
670 2719 755 2785 Socii
777 2721 906 2785 fuerunt
929 2719 1061 2806 Argivi3
1085 2719 1199 2785 alludit
1211 2719 1406 2784 Plutarchus

337 2867 378 2934 ad
412 2890 467 2953 ea,
503 2891 586 2956 quae
619 2870 705 2935 facta
739 2875 813 2934 sunt
846 2869 930 2934 bello
965 2869 1185 2952 Corinthiaco,
1209 2890 1238 2933 a.
1263 2871 1344 2952 393,
1368 2867 1407 2932 de

335 3015 451 3104 quibus
483 3016 578 3082 rebus
611 3015 763 3104 legendus
797 3016 978 3102 Xenophon
1011 3017 1045 3081 in
1080 3015 1167 3080 Hist.
1193 3015 1249 3080 Gr.
1274 3015 1312 3080 L.
1337 3015 1406 3097 IV,

338 3165 417 3252 Cap.
441 3166 471 3230 4.

381 3314 432 3380 De
464 3313 672 3380 Timoleontis
707 3312 876 3401 parricidio
899 3312 1008 3400 Nepos
1033 3311 1112 3399 Cap.
1136 3312 1171 3396 Ι,
1195 3313 1213 3396 ᾗ
1236 3315 1274 3378 3:
1303 3311 1407 3394 „Nam

338 3485 411 3530 oum
447 3462 636 3554 hetereius
659 3461 892 3549 Timophanes,
917 3460 984 3526 dux
1007 3483 1027 3526 a
1052 3460 1226 3527 Corinthiis
1249 3460 1407 3541 delectus,

338 3611 542 3700 tyrannidem
581 3631 639 3698 per
677 3611 795 3676 milites
829 3609 1040 3676 mercenarios
1074 3615 1277 3696 oooupasset,
1311 3608 1409 3695 parti-

340 3783 477 3850 cepsque
508 3761 600 3848 regni
634 3767 741 3849 posset
764 3783 850 3847 esse,
873 3767 1001 3826 tantum
1023 3760 1103 3825 afuit
1126 3781 1147 3824 a
1168 3759 1320 3824 societate
1344 3779 1410 3822 see·

340 3909 433 3995 leris,
456 3915 493 3974 ut
517 3909 703 3974 antetulerit
727 3908 844 3974 civium
857 3930 986 3974 suorum
997 3908 1180 3974 libertatem
1191 3907 1300 3971 fratris
1313 3905 1409 3970 saluti

246 4153 252 4163 ι
342 4063 376 4126 et
397 4079 510 4147 parere
530 4057 655 4144 legibus
678 4077 775 4146 quam
795 4056 954 4144 imperare
977 4057 1101 4143 patriae
1125 4055 1225 4120 satius
1248 4053 1410 4120 duxerit.''

383 4207 561 4288 Αἰσχύλον,
596 4205 734 4288 ἀδελφὸν
767 4203 840 4269 ὄντα
866 4211 921 4280 τῆς
944 4209 1143 4290 Τνμοφάνονς
1166 4200 1322 4282 γυναικός.
1349 4201 1412 4267 Sed
